3512 5186
708 515 748 580 73

137 697 232 758 ἕνεκα
319 697 390 757 πᾶν
417 689 459 766 ἄν
487 691 588 756 παντί
609 696 855 774 προθυμηθείη.
901 693 1016 760 Nostro
1044 695 1114 760 loco
1141 696 1296 764 formulae

9 869 10 872 Ἴ
138 795 266 860 additus
282 797 332 859 es'l
351 793 512 859 articulm.
546 793 620 874 Lag.
643 791 683 856 lv
704 792 803 856 7151)
826 792 1297 878 (113,11)καο’ήλαιάνγορ

137 893 197 969 ugo
218 891 365 974 βλέπεις,
393 893 553 957 X192813
581 891 666 974 μηδὲ
688 894 755 954 τῶν
780 889 906 954 οἰκείων
924 896 990 955 τῶν
1010 897 1070 956 τοῦ
1098 903 1297 976 τρεφομένου

135 996 245 1073 χεῖρον
264 990 440 1075 χρημάτων
460 989 700 1070 ἐπιμελείσθω,
732 989 859 1071 βέλτιον
879 991 918 1053 δὲ
944 988 966 1074 ἢ
990 994 1056 1055 τῶν
1083 992 1188 1056 αὑτοῦ
1212 993 1296 1056 mci

138 1095 348 1173 προθυμίαν,
373 1089 553 1154 Stallbaum
585 1093 759 1172 >quantum
785 1089 900 1155 attinet
924 1092 967 1156 ad
994 1096 1178 1174 promptam
1198 1113 1295 1174 para·

136 1195 271 1274 tamque
293 1189 523 1254 voluntatem«.

208 1353 340 1431 Quodsi.
357 1357 528 1436 postquam
542 1371 653 1414 omues
663 1350 757 1427 locos,
775 1351 892 1434 quibus
903 1353 995 1419 Plato
1005 1353 1090 1416 κατά
1104 1355 1296 1438 particulam

136 1475 211 1520 cum
225 1453 406 1518 accusativo
422 1451 595 1533 coniungit,
608 1451 874 1528 enumeravimus,
892 1452 979 1516 huno
992 1474 1086 1518 usum
1092 1456 1295 1521 Platonicum

135 1575 210 1618 curn
226 1552 295 1617 aliis
307 1551 513 1633 scriptoribus
525 1550 655 1614 Graecis
673 1569 906 1631 comparamus,
922 1557 1086 1618 auctorem
1102 1559 1247 1620 nostrum
1263 1555 1295 1620 iu

135 1654 320 1717 uuiversum
326 1651 516 1734 particulam
523 1650 1011 1716 iisdemiustruxissenotiouibus
1018 1653 1293 1736 videmus,quibus

9 1831 10 1834 Ἴ
135 1751 247 1834 optimi
262 1752 328 1818 eius
350 1750 464 1815 aetatis
483 1750 653 1831 scriptores
679 1750 833 1831 pedestris
854 1752 1024 1826 orationis;
1052 1754 1140 1836 quod
1155 1755 1240 1819 idem
1262 1755 1295 1818 iu

135 1851 272 1932 genetivi
283 1871 345 1915 usu
361 1851 488 1914 lactum'
497 1854 573 1914 erat
603 1849 667 1914 Sed
680 1855 716 1914 ut
729 1853 804 1914 ante
811 1850 979 1915 Platonem
989 1843 1073 1914 κοτἰί
1088 1854 1295 1918 coniunctum

134 1971 209 2014 cum
223 1951 370 2032 genetivo
383 1969 457 2012 raro
469 1950 554 2013 idem
569 1949 778 2030 significabat,
795 1951 884 2031 quod
896 1955 983 2032 περί,
998 1951 1149 2016 Latinum
1163 1953 1231 2033 ‘del
1249 1954 1295 2018 ita

133 2049 219 2110 κατά
242 2068 316 2113 cum
336 2049 519 2112 accusativo
534 2069 572 2113 ea
586 2049 765 2131 praeditum
782 2049 921 2129 notione,
942 2071 1042 2132 quam
1056 2073 1115 2133 ego
1130 2053 1294 2117 nominavi

132 2148 329 2230 ,allgemeine
343 2148 542 2230 Beziehung’,
565 2153 641 2212 aule
661 2169 735 2212 eum
752 2148 841 2213 haud
861 2150 997 2214 multum
1018 2173 1053 2216 se
1067 2152 1168 2216 offert.
1209 2153 1293 2216 Nam

134 2249 191 2312 elsi
211 2248 276 2312 iam
289 2251 365 2312 ante
374 2248 542 2311 Platonem
559 2247 612 2310 hic
630 2251 662 2311 et
677 2248 740 2312 illic
760 2250 875 2330 legitur
891 2271 997 2334 neque
1012 2252 1170 2334 Aeschylo
1187 2273 1292 2336 neque

132 2347 282 2428 Sophocli
305 2348 451 2430 ignotum
471 2352 528 2422 cst,
548 2353 658 2413 tamen
677 2348 752 2414 inde
768 2351 810 2413 ab
829 2351 1011 2416 eudemum
1027 2353 1129 2433 magis
1149 2353 1183 2417 in
1197 2374 1292 2418 usum

132 2451 297 2528 receptum
326 2448 461 2512 videtur.
503 2449 688 2514 Aristoteles
717 2470 871 2533 persaepe
900 2472 939 2516 ea
965 2453 1065 2516 utitur
1092 2457 1124 2518 et
1150 2454 1184 2518 id
1204 2456 1293 2536 quod

133 2551 219 2611 certe
236 2547 398 2611 mirationi
418 2548 511 2612 nobis
532 2549 606 2624 erit,
634 2550 722 2614 haud
743 2571 846 2631 parva
866 2552 997 2617 interest
1017 2553 1188 2618 similitudo
1208 2554 1293 2618 inter

132 2646 334 2710 Platonicum
346 2651 377 2711 et
389 2647 602 2729 Polybiauum
622 2649 716 2714 huius
732 2649 870 2714 notionis
890 2652 1067 2732 particulae
1081 2652 1164 2714 κατά
1186 2673 1288 2718 usum.
