3512 5186
213 1366 327 1479 Haud
357 1415 401 1477 ita
432 1414 539 1477 multis
566 1417 642 1476 ante
671 1413 762 1476 annis
780 1411 890 1495 Tycho
913 1413 1088 1476 Mommsen
1104 1416 1126 1492 ¹)
1149 1413 1292 1496 disputa·

127 1514 263 1578 tionibus
300 1515 341 1578 de
379 1515 505 1594 linguae
535 1512 675 1578 Graecae
724 1513 1008 1594 praepositionibus
1039 1515 1222 1595 praesertim
1252 1512 1292 1574 de

127 1611 190 1676 mir
210 1619 241 1677 et
259 1612 345 1694 perol
362 1614 452 1678 lactis
471 1615 554 1677 viros
568 1614 679 1676 doctos
696 1632 815 1693 magna
832 1613 936 1675 affecit
949 1613 1170 1676 admiratione.
1198 1612 1291 1691 Nam,

127 1718 163 1776 ut
183 1713 244 1776 alia
265 1715 420 1789 omittam,
441 1713 770 1778 animadversionibus
787 1714 850 1776 suis
869 1717 1013 1776 nontam
1036 1733 1136 1796 usque
1156 1713 1198 1777 ad
1216 1713 1292 1777 illud

126 1818 252 1896 tempus
275 1835 386 1878 omnes
403 1816 488 1878 viros
510 1815 621 1877 doctos
641 1814 680 1876 de
695 1811 760 1876 mir
781 1817 811 1877 et
826 1811 911 1892 μετά
926 1813 1085 1893 particulis
1101 1815 1132 1877 in
1150 1815 1291 1878 maximo

101 1918 268 1977 -versatos
290 1935 357 1978 esse
380 1935 487 1977 errore
507 1914 654 1992 ostendit,
677 1933 774 1995 quam
797 1915 828 1976 in
849 1914 1031 1978 universum
1055 1915 1231 1978 uberrimos
1253 1934 1292 1978 ex

125 2032 163 2075 ea
181 2033 286 2076 rerum
303 2015 490 2076 tractatione
507 2013 628 2076 fructus
646 2013 826 2076 redundare
844 2015 1077 2095 comprobavil3
1096 2018 1127 2076 et
1144 2014 1174 2076 in
1188 2015 1291 2096 prima

125 2113 375 2194 disputationum
411 2114 537 2177 illarum
569 2134 697 2177 summo
729 2115 797 2176 iure
828 2115 1007 2188 contendit,
1045 2115 1103 2177 nisi
1136 2114 1289 2177 eiusmodi

125 2214 364 2294 quaestionibus
386 2214 632 2292 grammaticam
655 2214 781 2294 linguae
803 2213 943 2278 Graecae
965 2219 1065 2277 artem
1081 2214 1202 2277 absolvi
1226 2235 1289 2278 non

125 2333 225 2394 posse.
268 2313 353 2378 Talis
375 2319 482 2400 autern
512 2334 562 2377 res
585 2315 811 2395 grammaticas
838 2315 996 2377 tractandi
1026 2315 1106 2380 ratio
1129 2317 1291 2398 proposita

126 2417 172 2476 est
195 2414 479 2495 disputationibus,
501 2433 584 2495 quae
606 2414 646 2477 M.
669 2414 813 2478 Schanzii
835 2419 966 2479 auctore
985 2417 1125 2480 eduntur
1147 2419 1177 2480 in
1200 2418 1290 2494 libro,

124 2513 180 2593 qui
206 2513 385 2576 inscribitur
423 2515 586 2595 »Beitrage
617 2534 673 2577 zur
699 2515 906 2578 historischen
927 2515 1050 2598 Synlax
1079 2517 1135 2580 der
1157 2517 1290 2600 griechi-

124 2612 221 2674 schen
234 2611 382 2692 Sprache.
413 2613 679 2695 Herausgegeben
700 2635 759 2678 von
774 2615 958 2678 hl.Schanz.
982 2617 1161 2699 Wrirzburg
1180 2619 1288 2682 1882«.

124 2710 266 2786 Quorum
296 2713 436 2776 virorum
465 2713 633 2777 doctorum
663 2715 813 2795 exemplis
843 2716 999 2779 excitatus
1028 2737 1132 2780 meam
1162 2739 1290 2802 quoque

124 2829 256 2890 operam
278 2831 342 2874 non
363 2813 430 2874 sine
459 2815 547 2876 omni
569 2813 673 2876 fructu
703 2814 771 2877 lore
793 2835 925 2895 sperans
953 2817 996 2879 ad
1017 2819 1289 2899 praepositionum

125 2907 196 2984 σύν,
218 2909 302 2987 ded,
324 2910 409 2972 κατά
434 2932 525 2974 usum
547 2913 746 2976 Platonicum
769 2915 993 2996 exponendum
1021 2927 1188 2998 aggressus
1208 2939 1289 2982 sum.

206 3008 268 3071 Sed
290 3011 477 3090 priusquam
499 3011 639 3090 singulas
661 3013 775 3075 harum
798 3014 1026 3094 particularum
1049 3035 1125 3078 usus
1151 3018 1289 3081 rationes

122 3112 325 3189 pertractem,
347 3110 500 3174 nonnulla
517 3113 732 3192 praemittam.
769 3115 816 3176 Ac
832 3133 896 3175 rem
914 3114 958 3176 ita
971 3114 1139 3196 disponere
1153 3116 1235 3191 volo,
1254 3119 1289 3179 ut

205 3207 236 3269 in
270 3208 398 3299 primo
431 3212 564 3292 capite
607 3213 638 3274 in
676 3212 858 3274 universum
893 3214 1047 3276 nonnulla
1079 3214 1119 3278 de
1148 3214 1289 3278 Platonis

124 3307 411 3388 praepositionibus
431 3310 598 3389 proteram,

205 3405 235 3467 in
259 3406 391 3470 altero
413 3428 590 3490 exponam,
621 3411 783 3492 quomodo
805 3411 898 3474 Plato
927 3432 961 3474 se
982 3412 1112 3492 gesserit
1139 3412 1170 3474 in
1192 3412 1289 3476 inter·

122 3506 271 3583 ponendo
285 3505 383 3568 verbo
400 3508 481 3570 inter
504 3510 754 3590 praepositiones
777 3507 850 3588 mir,
874 3509 950 3588 a'rui,
971 3509 1068 3590 κατά,
1091 3508 1189 3592 α’μᾳί,
1212 3513 1292 3590 περί

122 3606 153 3664 et
174 3604 409 3668 substantivum
433 3627 505 3670 cum
530 3608 565 3670 iis
588 3610 805 3673 coniunctum.

204 3701 239 3764 ln
261 3707 381 3768 tertio
405 3707 628 3788 explicandum
652 3709 726 3772 mihi
750 3711 918 3791 proposui,
947 3711 1093 3792 quaesit
1115 3711 1195 3774 ratio
1217 3710 1287 3774 Pla-

121 3801 227 3866 lonica
249 3802 313 3866 sive
335 3806 525 3869 admittendi
556 3809 621 3870 sire
643 3809 780 3872 evitandi
806 3809 913 3872 hiatus
936 3811 1016 3873 inter
1037 3811 1287 3891 praepositiones

121 3900 189 3962 illas
211 3922 386 3985 earumque
407 3907 642 3970 substantivum
664 3909 801 3970 orientis.

203 4000 236 4062 ln
265 4007 413 4083 quarto
452 4006 491 4068 de
520 4027 558 4070 ea
591 4007 829 4088 praepositionis
857 4013 937 4088 περί
969 4008 1137 4091 ponendae
1165 4009 1287 4072 ratione

121 4097 299 4179 disputabo,
320 4123 418 4185 quam
442 4108 641 4186 grammatici
664 4109 894 4190 anastropham
919 4114 1044 4173 vocant.

121 4377 131 4427 l
171 4293 405 4434 6lllgProgramm
433 4303 459 4356 d.
486 4303 569 4357 stadt..
595 4304 722 4372 Gymnas.
751 4321 783 4356 zu
809 4305 961 4357 Franlrt'urt
985 4323 1009 4360 a.
1028 4305 1064 4359 M.
1094 4305 1190 4360 Oalern
1212 4307 1286 4368 1874,

137 4378 194 4441 b'i',
250 4384 291 4436 79.

165 4499 246 4548 min-a
1134 4495 1146 4548 l
