3512 5186
1042 552 1061 620 8

545 735 578 802 ln
602 737 793 821 quintode
808 736 1078 820 praepositionum
1095 734 1168 816 σύν,
1190 733 1266 816 dcci,
1286 733 1370 801 κατά
1387 757 1444 802 usu
1460 736 1621 804 Platonico

464 837 615 902 disseram
630 838 663 916 ¹).
1722 825 1723 828 ¹

546 935 665 1001 Omnes
678 936 767 1000 omisi
784 935 935 1015 dlalogos,
950 949 1037 1018 'quos
1054 955 1117 1000 non
1136 935 1308 1002 aPlalone
1323 936 1455 1017 scriptos
1478 957 1546 1000 esse
1568 939 1622 1001 viri
1722 1003 1723 1030 ,

464 1035 547 1100 docti
570 1037 781 1100 consentiunt.
825 1035 857 1099 ln
881 1035 1077 1116 dialogorum
1101 1034 1250 1116 temporis
1272 1035 1383 1098 ordine
1404 1037 1623 1100 constituendo
1722 1047 1723 1112 ξ

464 1140 591 1200 secutus
612 1154 682 1200 sum
705 1131 1028 1216 nittenbergerumssl,
1051 1154 1116 1198 non
1136 1153 1201 1216 quo
1224 1154 1271 1210 ea,
1294 1154 1377 1216 quae
1400 1135 1440 1198 de
1462 1135 1511 1198 his
1532 1137 1624 1202 rebus

463 1235 504 1300 M.
513 1236 637 1300 Schanz
648 1233 673 1316 ⁸)
689 1239 720 1298 et
730 1233 959 1298 Constantinus
974 1235 1076 1298 RItler
1085 1231 1110 1314 ⁴)
1130 1233 1382 1324 disputaverunt,
1400 1235 1488 1298 omni
1504 1236 1625 1298 ratione

463 1341 624 1414 carerent,
659 1334 714 1398 sed
743 1335 830 1416 quod
851 1333 1041 1398 Schanzium
1071 1334 1251 1416 disputandi
1281 1353 1381 1414 genus
1409 1353 1464 1397 sex
1484 1333 1624 1397 Platonis

463 1435 606 1518 dialogos
638 1435 889 1516 praetermittere
919 1433 1020 1515 coegit
1048 1438 1079 1497 et
1102 1434 1321 1514 tresdialogi,
1355 1453 1492 1516 quorum
1523 1434 1625 1497 Riuer
1722 1501 1723 1518 ,

461 1536 617 1600 rationem
646 1554 710 1599 non
736 1534 848 1599 habuit
871 1533 1004 1616 (Lysid,
1034 1533 1130 1616 Hipp.
1160 1535 1245 1614 min,
1279 1531 1439 1614 Pannen.)
1473 1534 1623 1598 maiorem
1722 1587 1723 1610 ,

463 1636 564 1700 ordini
595 1634 753 1698 inserendi
789 1635 1006 1698 difficultatem
1038 1635 1191 1716 praebent
1221 1653 1317 1717 quam
1353 1653 1433 1716 quos
1461 1634 1625 1716 neglegere
1722 1617 1723 1684 ξ

462 1739 593 1800 coactus
610 1734 889 1816 estDitlenberger
910 1732 1067 1816 (Apolog,
1089 1733 1179 1813 Tim,
1201 1733 1311 1812 criti).
1352 1732 1418 1797 Hos
1434 1733 1622 1797 Schanqum

462 1840 589 1900 secutus
603 1823 739 1900 colloco:
754 1834 942 1916 ApologIam
957 1835 1059 1916 primo
1075 1833 1153 1910 loco,
1171 1833 1337 1898 Timaeum
1353 1838 1384 1898 et
1400 1834 1528 1899 Critiarn
1546 1836 1626 1900 inler
1722 1849 1723 1852 ’

462 1934 629 1999 Politicum
644 1936 675 1998 et
685 1933 793 2015 Leges.
811 1969 850 1978 —
869 1933 961 2010 Quod
974 1933 1015 1997 ad
1027 1937 1148 1998 textum
1163 1935 1286 2010 attinet,
1304 1933 1623 1998 (launomarum
1722 1949 1723 1952 ’

466 2033 616 2097 omnibus
635 2034 665 2098 in
684 2035 815 2114 dialogis
832 2034 960 2098 audiam
979 2037 1106 2116 praeter
1124 2053 1188 2110 eoS,
1208 2053 1288 2116 quos
1305 2034 1402 2098 edidit
1419 2034 1459 2098 Μ.
1471 2033 1627 2111 Βοὴειηῑῦ)

462 2133 1033 2213 leotronamalversitaribusadditisn.
1049 2133 1625 2215 AfferenlureditionisStephanIanae
1722 2139 1723 2214 Q

462 2233 616 2314 paginae,
646 2233 778 2314 dialogis
804 2252 823 2297 a
849 2233 1005 2296 Schanzio
1034 2233 1125 2296 editis
1157 2237 1359 2315 apponentur
1389 2233 1455 2296 eius
1482 2232 1625 2296 editionis
1722 2303 1723 2312 ἵ

463 2333 588 2395 numeri
611 2329 739 2415 (pagina
758 2336 789 2396 et
809 2338 929 2414 versus)
951 2333 1040 2397 uncis
1062 2333 1181 2396 inclusi,

534 2549 558 2615 l)
577 2548 741 2602 Accurntum
761 2547 876 2602 indicem
897 2547 1018 2603 omnium
1038 2567 1144 2614 rerum,
1168 2567 1237 2618 quas
1256 2549 1388 2613 tractavi,
1413 2547 1442 2602 in
1460 2548 1514 2602 fine
1533 2547 1624 2616 diepu·
1722 2561 1723 2632 ξ

462 2633 577 2688 tationis
594 2633 723 2688 invenies.
743 2666 773 2674 -
793 2636 820 2703 2)
839 2633 958 2690 Hermae
978 2637 1018 2701 16,
1030 2637 1078 2690 321
1100 2654 1158 2705 sqq.
1182 2667 1203 2674 -
1230 2637 1256 2700 3)
1279 2636 1393 2689 Hermae
1407 2635 1578 2700 2l,l39sqq.
1592 2663 1623 2670 -
1722 2641 1723 2710 }

462 2721 489 2788 4)
507 2719 754 2790 Untersuchungen
773 2721 840 2776 tiber
856 2721 945 2775 Pluto.
973 2721 1022 2775 Die
1035 2721 1167 2776 Echtheit
1183 2740 1210 2776 u.
1223 2721 1405 2790 chronologie
1422 2721 1447 2774 d.
1458 2717 1624 2772 Platonisoh.

462 2805 609 2861 Schriften.
636 2808 779 2877 Stuttgart
799 2808 872 2862 1888.
893 2839 926 2848 -
955 2807 981 2878 5)
1005 2809 1098 2875 Usque
1122 2809 1156 2861 ad
1186 2810 1293 2860 nostros
1316 2805 1373 2860 dies
1396 2805 1426 2858 in
1451 2804 1537 2858 lucem
1563 2820 1624 2872 pro·

462 2893 588 2948 dierunt:
607 2895 660 2950 vol.
674 2893 1010 2964 leontinenslluthyphr,
1023 2894 1149 2963 Apolog,
1163 2892 1274 2956 Criton,
1290 2892 1436 2954 Phaedon,
1456 2891 1495 2944 11¹
1511 2891 1624 2959 Cratyl,
1722 2883 1723 2910 ¹

461 2978 502 3032 11·
518 2979 674 3044 Theaetet,
697 2981 735 3035 V¹
755 2981 892 3050 Sympos,
918 2979 956 3034 V·
975 2980 1105 3043 Phaedr.,
1130 2979 1182 3034 vl·
1200 2979 1352 3042 Charmid,
1376 2977 1502 3039 Lachet,
1527 2975 1625 3046 Lysid,

463 3065 513 3120 Vll
532 3066 708 3135 Euthydem.,
732 3067 860 3136 Protag,
880 3066 946 3120 VIII
969 3067 1069 3135 Gorg,
1093 3066 1214 3130 Menon,
1240 3066 1278 3119 lX
1302 3065 1385 3134 Hipp.
1407 3065 1419 3118 l
1439 3067 1468 3119 et
1491 3064 1533 3126 ll,
1557 3064 1624 3126 lon,

461 3152 610 3217 Menexen,
633 3153 779 3222 elithoph,
795 3152 863 3208 n11¹
882 3153 945 3222 Leg.
965 3152 1061 3206 I-VI.
1093 3183 1123 3192 —-
1159 3153 1185 3218 6)
1206 3151 1244 3205 De
1264 3152 1388 3206 codicum
1407 3151 1512 3206 ratione
1533 3151 1567 3204 cf.
1586 3151 1624 3206 M.
1722 3179 1723 3228 ,

461 3237 586 3292 Sohanzii
614 3239 711 3294 libros:
748 3241 843 3294 Norae
871 3238 1117 3305 commentationes
1145 3238 1312 3294 Platonicae.
1348 3236 1524 3306 Wiroeburgi
1549 3237 1625 3290 1871.
1722 3239 1723 3242 ’

462 3324 576 3380 Studien
596 3344 644 3380 zur
662 3326 824 3381 Geschichte
841 3325 890 3380 des
908 3324 1102 3379 Platonischen
1116 3325 1222 3380 Testes.
1247 3325 1405 3394 Wlirzburg
1426 3324 1500 3378 1874.
1537 3321 1626 3378 Ueber
1722 3395 1723 3406 χ

460 3412 513 3466 den
532 3412 700 3466 Pletooodex
716 3413 765 3467 der
784 3411 1049 3467 Marcusbibliothek
1067 3411 1097 3465 in
1117 3411 1250 3482 Venedig.
1278 3411 1389 3480 Leipzig
1407 3409 1481 3464 1877.
