3512 5186
677 553 711 616 ll

112 727 216 809 μετά
244 729 388 793 dativum
419 729 566 811 deposuit
595 733 626 794 et
656 731 820 810 genetivus
847 728 1029 794 accusativo
1049 733 1188 794 centum
1216 731 1279 804 lero

114 830 189 893 locis
197 829 308 892 anteit.
329 827 441 909 Neque
453 827 544 892 aliter
558 849 591 892 se
607 825 728 892 habent
742 828 877 904 numeri,
890 847 971 909 quos
979 827 1129 910 Polybius
1139 827 1161 909 ¹)
1177 829 1279 892 offert.

334 928 427 991 Plato
452 927 539 1006 μετά
569 949 596 992 c.
627 949 700 1010 gen.
807 947 871 992 acc.

627 1029 691 1092 510
804 1028 866 1090 404

335 1123 508 1206 Polyb.»
629 1127 692 1191 808
806 1127 865 1189 671

114 1224 224 1304 παρά
253 1224 398 1304 genetivo
425 1229 457 1287 et
478 1227 658 1292 accusativo
681 1227 818 1290 eundem
847 1226 911 1290 iere
941 1225 1084 1288 locorum
1107 1241 1278 1286 numerum

114 1326 230 1402 tribuit,
251 1325 377 1388 dativus
393 1324 451 1388 illis
469 1326 557 1389 haud
578 1327 675 1408 paulo
698 1327 788 1390 cedit.
831 1325 894 1390 Sed
919 1343 992 1388 cum
1010 1322 1098 1405 apud
1112 1319 1279 1384 Platonem

113 1425 315 1488 accusativus
337 1425 490 1489 maiorem
519 1445 688 1490 numerum
711 1426 885 1508 possideat,
916 1424 1004 1506 apud
1026 1421 1193 1504 Polybium
1206 1422 1230 1504 ¹)
1260 1442 1281 1486 a

112 1526 261 1606 genetivo
285 1525 487 1618 aliquantum
508 1532 677 1608 superatur
701 1533 732 1590 et
756 1527 884 1590 dativus
909 1545 987 1608 prae
1009 1525 1192 1615 accusativo
1213 1543 1281 1587 cre·

113 1627 194 1689 visse
215 1625 348 1688 videtur.

195 1725 288 1790 Plato
309 1725 403 1806 παρά
431 1745 457 1790 c.
487 1745 559 1807 gen.
654 1725 720 1789 dat.
833 1743 900 1790 acc.

486 1825 545 1890 321
650 1825 711 1888 240
838 1825 896 1888 341

194 1923 308 2007 Polyb.
345 1948 361 1981 ›
486 1925 550 1989 554
652 1925 715 1988 416
840 1925 901 1988 491

113 2023 284 2104 Permagni
299 2027 415 2100 autern,
424 2023 554 2088 interest
569 2024 685 2102 videre,
708 2023 871 2105 quomodo
884 2025 914 2086 in
930 2027 1028 2104 περί
1047 2022 1279 2104 praepositione

113 2123 234 2186 utenda
254 2142 288 2186 se
309 2124 438 2203 ngrit
456 2122 559 2200 Plato,
577 2124 667 2187 cuius
688 2123 844 2188 scribendi
866 2143 966 2204 genus
988 2122 1186 2186 dialecticum
1210 2141 1281 2203 per·

113 2241 209 2303 saepe
230 2222 296 2285 eius
316 2223 485 2303 ponendae
504 2222 687 2288 facultatem
711 2223 833 2286 dedisse
854 2243 913 2305 per
934 2243 968 2286 se
989 2227 1087 2305 patet,
1110 2226 1147 2286 ut
1168 2239 1281 2284 secun·

113 2322 190 2384 dum
214 2321 370 2384 obtineret
398 2321 513 2385 locum.
562 2323 610 2394 Ac
640 2323 802 2404 dativum,
831 2324 885 2405 qui
914 2323 1015 2404 magis
1048 2326 1095 2385 est
1125 2321 1281 2396 sermonis

114 2421 243 2502 poetici,
270 2440 372 2502 paene
392 2421 525 2498 abiecit,
553 2423 666 2503 septies
696 2423 792 2486 modo
823 2425 968 2486 occurrit.
1010 2421 1088 2486 Post
1111 2420 1279 2484 Platonem

114 2521 214 2600 magis
236 2521 399 2603 magisque
420 2521 600 2586 decrescere
628 2523 762 2586 videtur.
803 2522 885 2585 Nam
909 2518 1128 2600 Aristoteles³l
1153 2521 1280 2583 duobus

113 2619 188 2683 locis
210 2620 296 2682 haud
326 2620 408 2689 bene
441 2621 566 2686 traditis
587 2641 661 2685 eum
693 2622 839 2704 praebet,
865 2621 1104 2704 Theophrastus
1113 2621 1139 2697 ⁴)
1170 2623 1278 2682 autem

114 2721 245 2782 omnino
263 2739 328 2784 non
344 2720 452 2796 habet,
472 2740 545 2784 cum
559 2723 590 2784 in
605 2721 728 2804 Polybii
738 2723 762 2800 ⁵)
783 2727 814 2787 et
821 2722 936 2786 Plotini
946 2721 972 2801 ⁶)
987 2720 1137 2803 operibus
1151 2720 1281 2799 singulis

114 2819 189 2882 locis
211 2820 399 2884 inveniatur.
443 2820 531 2884 lnter
554 2823 737 2902 genetivum
761 2826 792 2885 et
815 2822 1044 2897 accusativum,
1072 2821 1098 2882 si
1119 2839 1279 2882 summam

113 2920 255 2982 omnium
286 2919 428 2982 locorum
459 2925 648 3002 spectamus,
682 2922 760 2986 haee
792 2922 959 2984 intercedit
988 2922 1087 2996 ratio,
1124 2923 1159 2983 ut
1187 2920 1281 2998 longe

114 3018 268 3099 plurimos
289 3021 348 3082 sibi
365 3021 503 3084 vindicet
524 3022 705 3102 genetivus;
731 3022 927 3102 singulorum
950 3025 1058 3084 autem
1080 3020 1279 3099 dialogorum

114 3117 237 3180 ratione
265 3117 375 3181 habita
406 3120 438 3180 in
467 3121 641 3200 posteriore
671 3121 814 3184 Platonis
851 3121 934 3183 vitae
961 3124 1052 3202 parte
1080 3119 1280 3183 accusativus

115 3237 192 3299 prae
216 3219 361 3297 genetivo
382 3238 521 3282 crescere
551 3221 684 3284 videtur.
726 3220 845 3284 Prioris
876 3221 961 3284 enim
989 3221 1072 3283 vitae
1095 3218 1280 3282 Platonicae

114 3319 207 3398 spatii
222 3317 336 3398 dialogi
353 3319 395 3380 ad
410 3337 510 3380 unum
525 3339 636 3382 omnes
654 3326 781 3401 praeter
792 3321 1008 3402 Symposium,
1031 3320 1118 3402 quod
1133 3319 1280 3398 genetivo
1320 3392 1323 3398 1

114 3417 658 3494 attribuit39‚accusalivoitllocoS‚
668 3420 932 3501 illistemporibus
942 3423 1084 3484 nostrum
1094 3419 1280 3499 scriptorem

113 3520 258 3598 genetivo
282 3519 506 3599 magnonem
533 3522 713 3584 accusativo
737 3521 849 3584 lavisse
871 3523 1035 3583 testantur.
1078 3518 1292 3583 Contrarium·

113 3623 221 3682 aulem
238 3618 355 3680 factum
369 3619 512 3681 videmus
528 3620 558 3681 in
573 3619 622 3682 his
636 3621 767 3700 dialogis
781 3621 946 3702 posteriori
962 3620 1057 3682 aetati
1067 3617 1280 3698 assignandis:

115 3759 309 3769 .-..—-—

185 3834 209 3898 1)
239 3831 326 3886 Kreba
346 3833 525 3902 lapago.
560 3863 590 3872 -
624 3835 651 3903 ⁶2)
669 3834 756 3888 Krebs
775 3835 792 3887 l.
811 3852 833 3887 c.
854 3852 917 3904 pag.
937 3835 960 3885 9.
993 3861 1023 3871 -
1057 3833 1085 3900 3)
1105 3833 1137 3886 R.
1156 3833 1281 3908 Euclea,

113 3920 203 3974 Ueber
220 3920 275 3972 den
292 3919 535 3989 Sprachgebrauoh
553 3922 601 3975 des
615 3921 786 3974 Aristoteles.
815 3919 1051 3988 Beobaehtuogen
1069 3919 1136 3973 inber
1153 3920 1198 3974 die
1218 3921 1280 3974 Pris-

114 4005 278 4074 positioncn.
313 4006 406 4060 Berlin
426 4007 492 4061 1868
515 4007 641 4078 pag.=64.
679 4037 709 4045 -
744 4011 771 4066 n
791 4009 880 4061 lleber
897 4007 951 4059 den
969 4006 1216 4076 Sprachgebrauch
1233 4009 1281 4063 deu

113 4093 293 4163 Theophrast.
313 4093 524 4147 v.W.M1iller.
544 4094 642 4163 Progr.
660 4094 707 4147 des
730 4093 830 4146 l'irrall.
848 4093 977 4161 Gymnas.
1003 4111 1036 4145 zu
1062 4095 1281 4149 Arnaladt1878

116 4197 178 4249 pag.
194 4182 235 4234 20.
272 4211 305 4220 -
341 4182 368 4248 a)
388 4181 474 4234 Krebs
492 4181 510 4234 l.
529 4199 551 4235 c.
571 4199 634 4250 pag.
650 4181 675 4236 6.
712 4212 741 4220 -
780 4181 807 4252 6)
826 4179 916 4235 Seidel
936 4180 953 4232 l.
973 4198 994 4234 o.
1014 4198 1077 4252 pag.
1096 4182 1120 4236 9.
