3512 5186
1009 636 1065 647 .=·=

1011 657 1017 663 .
1103 652 1106 661 ι

464 731 644 797 Herodotus
674 729 734 812 εἰς,
773 734 846 798 ilem
867 733 1058 816 Xenophon.
1070 734 1280 817 >Thucydides
1312 735 1451 799 maxime
1482 736 1623 800 dilexisse
1726 763 1727 766 ¹

463 831 587 894 videtur
606 834 871 915 praepositionem
892 833 927 895 ἐν
950 837 985 897 ut
1007 839 1130 911 noster,
1150 834 1237 897 haud
1259 835 1394 899 multum
1419 835 1501 898 cedit
1524 837 1552 899 ei
1574 836 1625 908 εἰς.

463 927 613 1022 Polybius
635 952 711 1017 prae
737 934 847 997 ceteris
869 933 997 997 favebat
1012 935 1236 1016 praepositioni
1255 933 1338 996 κατά
1364 951 1390 996 c.
1409 952 1492 1012 acc,
1515 935 1625 999 eadem
1726 953 1727 1004 l

464 1030 548 1093 cadit
569 1031 651 1094 ratio
673 1032 704 1094 in
726 1033 899 1096 Diodorum
924 1032 1074 1096 Siculum.
1118 1033 1150 1096 ln
1174 1033 1271 1098 Flavii
1292 1033 1415 1114 losephi
1437 1035 1521 1098 libris
1542 1033 1626 1096 κατά
1726 1035 1727 1076 t

463 1131 702 1212 praepositionis
727 1131 853 1196 aemula
883 1137 930 1196 est
955 1132 1037 1212 πρός
1058 1152 1084 1196 c.
1107 1152 1189 1210 acc,
1219 1151 1290 1196 cum
1312 1133 1399 1214 apud
1417 1133 1624 1199 Plutarchum
1726 1173 1727 1220 3

444 1229 615 1311 'plurimos
651 1231 709 1293 sibi
745 1231 882 1295 vindicet
927 1232 1012 1296 locos
1050 1230 1132 1311 πρός
1160 1252 1186 1294 c.
1217 1250 1283 1296 acc.
1341 1232 1492 1297 Oratores
1529 1234 1626 1310 Attici
1726 1237 1727 1240 ’

469 1333 575 1393 autem
599 1331 710 1394 ceteris
731 1334 931 1412 anteponunt
954 1332 1124 1413 particulas
1146 1331 1181 1393 ἐν
1200 1331 1250 1394 vel
1273 1332 1322 1410 ἐκ,
1352 1333 1438 1397 velut
1458 1333 1565 1416 Lysias
1583 1333 1628 1411 ἐν,

464 1427 569 1492 Isaeus
598 1429 633 1492 ἐκ
661 1433 692 1494 et
714 1433 804 1508 περί,
831 1430 982 1495 Isocrates
1012 1437 1120 1495 autem
1151 1430 1331 1512 saepissime
1357 1451 1430 1495 usus
1459 1436 1505 1495 est
1535 1451 1626 1514 prae-

464 1529 615 1610 positione
630 1533 715 1610 περί.
749 1529 1014 1612 Philosophorum
1026 1529 1212 1594 Aristoteles
1224 1531 1309 1594 initio
1323 1531 1388 1595 eius
1404 1530 1518 1612 operis,
1537 1533 1625 1614 quod
1726 1535 1727 1616 i

464 1628 643 1692 inscribitur
664 1629 841 1708 Πολιτεῖαι,
864 1650 940 1712 prae
957 1630 1066 1694 ceteris
1082 1649 1158 1694 usus
1177 1634 1224 1694 est
1235 1631 1467 1713 praepositione
1483 1631 1528 1708 ἐκ,
1551 1650 1624 1695 cum
1726 1625 1727 1696 ἓ

464 1727 495 1791 in
505 1727 601 1792 Sexto
611 1728 767 1811 Empirico
780 1731 802 1810 ¹)
819 1730 961 1812 palmam
983 1730 1086 1792 tulerit
1100 1729 1186 1792 κατά
1201 1749 1226 1794 c.
1238 1749 1303 1794 acc.
1323 1734 1353 1794 et
1366 1731 1396 1793 in
1408 1729 1623 1812 Plotinolls'v.

545 1825 664 1904 Quodsi
700 1847 858 1892 summam
898 1829 1039 1892 omnium
1076 1829 1347 1910 praepositionum
1387 1848 1459 1892 cum
1502 1831 1625 1911 paginis
1726 1833 1727 1878 ³

463 1927 608 1992 editionis
622 1915 876 2009 Teubnerianae‚
899 1929 1068 2011 quaesere
1090 1932 1165 1990 sunt
1191 1927 1280 2004 1982,
1302 1946 1528 2010 comparamus
1550 1929 1626 1992 sin·
1726 1901 1727 1936 ³

463 2026 578 2105 gulas
599 2027 769 2109 paginas
792 2029 974 2112 undenas
1003 2029 1209 2091 continere
1238 2027 1550 2108 praepositiones
1579 2029 1625 2091 in·
1726 2071 1727 2100 2

463 2126 616 2190 venimus.
658 2126 753 2190 Hunc
775 2146 943 2191 numerum
968 2129 1098 2191 nonita
1121 2146 1273 2208 magnum
1296 2145 1363 2190 esse
1390 2146 1471 2208 quos
1501 2146 1586 2192 nnnc
1608 2149 1625 2192 e
1726 2171 1727 2182 ¹

463 2224 612 2305 Krebsii⁸)
625 2225 728 2298 libello
739 2227 870 2290 afferam
882 2228 1005 2290 numeri
1016 2228 1227 2291 testabuntur.
1250 2226 1422 2290 Oratorum
1431 2227 1624 2292 Atticorum:

463 2325 668 2407 Antiphontis
696 2327 839 2407 singulae
879 2327 1012 2408 paginae
1047 2327 1121 2390 edit.
1150 2327 1309 2390 Teubner.
1346 2326 1502 2408 praebent
1534 2349 1624 2410 prae·
1726 2379 1727 2396 i

685 2427 854 2507 positiones
1352 2426 1474 2490 11-12

463 2524 636 2588 Andocidis
1437 2525 1473 2588 13

463 2622 575 2706 Lysiae
1354 2624 1473 2688 15-13

463 2723 608 2788 Isocratis
1357 2724 1477 2786 14-13

466 2821 543 2887 lsaei
1357 2824 1477 2886 11-1a

465 2922 633 3005 Hyperidis
1355 2923 1473 2986 16-17

465 3022 600 3105 Lycurgi
1357 3022 1476 3086 1L—13

466 3122 615 3187 Dinarchi
781 3139 882 3202 paene
1441 3123 1478 3185 16
1726 3199 1727 3206 ἵ

466 3221 562 3305 Apud
575 3221 740 3303 Polybium
759 3223 867 3284 autem
882 3220 1150 3302 praepositionum
1170 3240 1321 3288 numerus
1339 3225 1502 3303 tantopere
1522 3219 1629 3296 crevit,
1726 3219 1727 3256 ³

466 3328 502 3387 ut
514 3323 643 3404 singulis
655 3321 775 3404 paginis
786 3321 916 3384 vicenae
926 3321 990 3384 sive
999 3321 1127 3384 vicenae
1140 3322 1282 3402 singulae
1293 3325 1470 3386 occurrant.
1493 3320 1627 3382 Summo
1726 3325 1727 3332 ’

466 3423 559 3504 igitur
578 3423 645 3485 iure
659 3421 836 3486 Mommsen
846 3418 872 3502 4)
895 3421 934 3483 de
956 3420 1088 3484 Platone
1111 3420 1185 3484 dicit
1225 3421 1357 3485 »Platon
1379 3421 1436 3484 hat
1458 3439 1519 3482 von
1544 3419 1626 3482 allen

466 3523 584 3586 alteren
600 3521 787 3585 Prosaikern
810 3540 862 3584 am
886 3521 1057 3600 wenigsten
1071 3519 1321 3602 Prdpositionem
1344 3521 1429 3584 steht
1442 3519 1510 3594 also
1528 3519 1628 3582 sehon
1726 3551 1727 3562 ι

466 3621 610 3686 dadurch
635 3620 691 3684 der
708 3620 890 3702 poetischen
913 3619 1040 3683 Diktion
1070 3620 1186 3700 adher,
1217 3621 1407 3700 wenigstens
1435 3621 1467 3682 in
1491 3620 1629 3682 denam
1726 3699 1727 3720 ἦ

466 3725 597 3786 meisten
620 3719 828 3785 kiinstlerisch
859 3719 1047 3800 angelegten
1077 3719 1240 3800 Dialogen‚
1269 3720 1329 3784 wie
1358 3720 1401 3783 im
1424 3720 1628 3801 Protagoras,
1726 3755 1727 3780 ;

466 3822 571 3887 Ganze
592 3821 698 3885 Seiten
720 3820 827 3898 darin,
855 3819 913 3882 wie
934 3819 966 3881 in
987 3818 1048 3881 den
1070 3814 1307 3883 Memorabi'lien
1328 3819 1540 3901 XenophonS,
1562 3819 1630 3900 gibt
1726 3853 1727 3862 κ

466 3943 516 4001 es,
553 3921 603 3985 die
632 3920 722 3984 nicht
757 3920 826 3984 eine
855 3919 971 3999 einzige
999 3918 1198 4000 Praiposition
1227 3919 1421 3984 enthaltens.
1473 3918 1567 3995 Quod
1593 3922 1630 3982 ut

535 4174 560 4243 1)
592 4173 631 4228 De
660 4172 702 4226 bis
729 4169 853 4226 omnibus
878 4169 912 4224 of.
938 4167 1104 4231 Mommsen,
1137 4167 1231 4236 Progr.
1261 4168 1328 4221 1874
1353 4134 1405 4235 §d
1429 4183 1493 4235 pag.
1519 4167 1629 4231 25-28,

467 4259 553 4314 Krebs
567 4259 584 4313 l.
597 4276 618 4313 c.
633 4276 696 4328 pag.
707 4259 732 4311 4.
748 4288 776 4296 —
797 4256 824 4326 2)
837 4255 936 4319 Seidel,
957 4255 990 4308 de
1002 4271 1053 4307 usu
1067 4253 1262 4324 praeposition.
1276 4253 1434 4307 Plotiniano
1445 4253 1631 4320 quaestiones,

466 4347 528 4401 diss.
543 4346 580 4400 in.
596 4346 694 4400 Nissae
711 4342 785 4399 1886.
796 4359 860 4412 pag.
879 4345 902 4396 7.
922 4372 951 4382 -
974 4341 1001 4407 3)
1020 4340 1038 4395 l.
1055 4357 1076 4393 c.
1096 4342 1195 4409 pagi.
1216 4373 1242 4380 -
1266 4344 1294 4407 4)
1313 4342 1408 4411 Progr.
1430 4340 1495 4393 1874
1514 4357 1576 4408 pag.
1589 4340 1630 4394 13.
1726 4385 1727 4444 l
