3512 5186
984 568 1023 633 λλ

422 750 507 814 κατό
536 751 596 837 τήν
623 753 682 813 τοῦ
711 747 859 830 σώματος
893 753 1020 832 κίνησιν
1054 749 1108 832 (se.
1143 751 1199 835 τῆς
1228 750 1384 832 χορείας),
1415 751 1454 815 Vi
1489 753 1590 818 755D

423 849 570 933 (15630)
594 850 790 932 ἐπιμεληταῖς
810 851 876 910 τῶν
896 852 981 912 κατοὶ
999 849 1155 930 πόλεμον,
1191 851 1242 914 VII
1266 852 1359 916 794ss
1380 852 1422 914 coi
1445 853 1481 916 δὲ
1502 855 1590 916 κατά

424 953 532 1030 χεῖρας
554 1000 576 1012 ..
603 939 672 1013 οἷον
685 949 782 1029 χωλοὶ
803 948 979 1031 γεγόναμεν
998 951 1137 1032 ἕκαστοι,
1164 953 1262 1016 796Α
1277 952 1331 1015 καί
1350 952 1389 1040 δὴ
1402 954 1444 1014 τό
1456 976 1490 1034 γε
1503 956 1590 1017 κατοὲ

425 1047 550 1132 πόλην,
582 1048 649 1113 Vlll
669 1049 765 1114 8331)
784 1049 826 1110 τό
847 1051 909 1130 μὲν
931 1050 1005 1130 περὶ
1028 1049 1167 1132 δρόμους
1258 1051 1301 1114 τό
1331 1053 1367 1116 δὲ
1390 1054 1460 1114 κατ’
1480 1051 1591 1134 ἶσχόν,

424 1147 467 1214 ΙΧ
488 1149 586 1213 853Α
614 1148 656 1210 τοί
678 1149 761 1211 κακοί
782 1153 947 1230 γεωργίας,
977 1150 1020 1214 XI
1040 1149 1131 1216 9330
1160 1149 1201 1213 τοί
1228 1175 1264 1213 τε
1290 1153 1373 1214 κατό
1396 1151 1535 1233 στόματα
1559 1205 1589 1218 ..

424 1248 467 1310 τό
490 1271 526 1309 τε
549 1248 625 1328 περὶ
646 1249 688 1310 τό
710 1246 972 1330 μαγγανεύματα.

465 1347 568 1413 Huius
587 1349 710 1430 generis
731 1349 893 1427 formulas,
913 1350 945 1413 in
968 1349 1085 1432 quibus
1105 1347 1189 1411 κοπό
1210 1351 1302 1415 locali
1324 1351 1513 1415 instructum
1538 1356 1590 1416 est

423 1448 563 1524 notione,
585 1467 643 1514 suo
665 1449 734 1514 loeo
747 1447 769 1530 ¹)
790 1449 893 1514 attuli.

505 1547 534 1629 y)
556 1548 640 1610 κατά
660 1549 790 1632 eiusque
811 1549 1048 1613 substantivum
1069 1547 1156 1612 nullo
1172 1545 1342 1612 coniuncta
1363 1553 1438 1612 sunt
1459 1548 1591 1612 vinculo

425 1649 634 1730 grammatico
658 1667 732 1712 cum
760 1648 868 1731 aliqua
891 1647 1045 1713 enuntiati
1074 1651 1182 1730 parte,
1212 1649 1299 1730 quod
1329 1649 1449 1712 anteire
1476 1649 1590 1712 solent.

424 1749 573 1819 Latinum
612 1749 727 1831 ‘quod
756 1749 911 1814 attinet
932 1749 990 1812 ad'
1020 1747 1086 1813 sive
1126 1748 1297 1828 ⁴ratione
1330 1747 1496 1826 habita,
1529 1767 1591 1812 nos

424 1869 464 1929 tw
474 1868 516 1912 as
528 1884 565 1894 -
577 1845 749 1928 angeht'.
781 1847 903 1912 Pa1tim
919 1849 981 1912 hac
994 1849 1131 1912 formula
1142 1848 1235 1912 Plato
1251 1849 1294 1912 ad
1310 1847 1449 1930 aliquam
1465 1867 1590 1923 vocem,

425 1947 548 2030 quain
577 1947 837 2013 antecedentibus
868 1970 943 2014 usus
965 1953 1028 2025 est,
1059 1949 1244 2026 reveititur,
1275 1949 1391 2030 partim
1419 1969 1474 2028 ea,
1503 1969 1590 2032 quae

425 2047 567 2111 dicturus
588 2050 645 2125 est,
667 2047 797 2113 indicat.
834 2048 896 2112 Sex
912 2048 1043 2112 omnino
1063 2047 1139 2112 locis
1156 2048 1323 2112 invenitur.
1366 2047 1491 2112 Menon.
1509 2049 1589 2112 7aA

429 2145 574 2228 (117,14)
596 2145 680 2228 α’τείρ
768 2147 852 2210 κατα
872 2147 995 2230 ταύτην
1017 2147 1075 2234 τήν
1098 2145 1207 2211 εἰκόνα
1229 2146 1288 2230 τήν
1310 2147 1385 2226 περὶ
1408 2147 1450 2210 τό
1472 2145 1592 2233 σμήνη,

429 2245 462 2306 εἴ
480 2265 543 2325 μου
564 2245 716 2326 ἐρομένου
736 2247 886 2328 μελίττης
907 2247 982 2326 περὶ
1005 2246 1119 2320 οὐσίας
1141 2243 1161 2310 ὅ
1181 2251 1215 2308 τί
1236 2245 1309 2308 ποτ’
1338 2247 1436 2324 ἔστιν,
1466 2246 1593 2319 πολλός

425 2343 479 2406 καὶ
502 2345 720 2418 παντοδαπός
741 2346 842 2427 ἔλεγες
862 2346 965 2419 αὐτοῖς
986 2338 1084 2424 εἶναι,
1107 2346 1255 2438 Reipubl.
1277 2345 1307 2410 X
1328 2345 1423 2409 6141)
1445 2346 1530 2407 κατοί
1550 2345 1591 2407 δὲ

308 2489 311 2496 -
425 2443 471 2505 τιό
488 2443 584 2526 ἑτέρω
607 2445 661 2524 (se.
676 2444 843 2526 χόσματε)
868 2446 902 2508 ἐκ
921 2450 981 2528 μὲν
1002 2449 1060 2508 τοῦ
1077 2445 1201 2508 α’νιέναι
1216 2446 1250 2507 ἐκ
1265 2450 1321 2530 τῆς
1333 2449 1401 2527 γῆς,
1424 2445 1589 2510 Theaetet.

428 2543 521 2608 153D
545 2543 668 2626 (17,16)
690 2545 775 2606 κατα
805 2546 847 2606 τοί
876 2540 1010 2626 ὄμματα
1041 2547 1186 2626 πρῶτον,
1222 2543 1238 2606 ii
1269 2545 1311 2626 δή
1338 2544 1445 2617 καλεῖς
1474 2547 1591 2625 χρῶμα

425 2641 556 2722 λευκόν,
585 2644 631 2726 μη*
659 2634 743 2706 εἶναι
765 2643 847 2706 αίτό
868 2643 981 2726 ἔτερόν
1002 2668 1048 2723 τι,
1083 2645 1204 2710 Phileb.
1231 2644 1302 2708 170
1325 2644 1421 2725 oona
1441 2655 1502 2724 μέν
1524 2667 1591 2706 που

424 2743 479 2805 καὶ
500 2742 571 2804 κατ’
592 2743 716 2826 ἐκείνην
736 2745 797 2827 τήν
819 2751 934 2825 τέχνην
955 2745 1025 2807 ἐστὶ
1047 2749 1107 2823 μία
1129 2746 1164 2806 ἐν
1186 2743 1278 2826 αὐτῇ,
1301 2743 1387 2808 Criti.
1414 2743 1505 2808 1090
1522 2748 1590 2808 tra·
1669 2783 1677 2798 ·

427 2843 512 2906 ditur
531 2837 623 2905 ἄλλοι
643 2846 705 2923 μὲν
727 2832 784 2904 οὖν
813 2843 881 2906 κατ’
909 2840 1024 2916 ἄλλους
1046 2842 1168 2917 τόπους
1195 2833 1471 2926 κληρουχήσαντες
1498 2847 1591 2906 θεῶν

426 2943 535 3004 ἐκεῖνα
558 2939 725 3022 ἐκόσμουν.
767 2943 827 3006 Ast
847 2944 880 3006 in
899 2944 1012 3008 Lexieo
1028 2943 1193 3008 Platonico
1204 2941 1245 3024 Β),
1266 2943 1355 3023 Pape
1377 2943 1409 3006 in
1430 2941 1590 3024 Lexicot),

426 3040 607 3122 Stephanus
636 3041 669 3105 in
699 3041 863 3107 Thesauro
873 3041 898 3123 ⁹)
927 3044 1026 3108 eiecta
1060 3042 1333 3124 particulatam
1370 3042 1589 3107 difficultatem

427 3144 593 3205 removent
613 3143 645 3204 et
667 3141 885 3206 accusativum
906 3138 1021 3214 ἄλλους
1042 3141 1165 3215 τόπους
1188 3141 1383 3222 coniungunt
1399 3162 1472 3205 cum
1490 3142 1590 3205 verbo

426 3238 620 3320 κληρουχεῖν.
663 3240 735 3304 Non
757 3245 843 3304 recte
863 3261 916 3305 eos
938 3243 1046 3310 secisse
1063 3247 1151 3324 puto,
1195 3241 1316 3323 Sequor
1331 3240 1587 3320 Stallbaumium,

427 3339 482 3421 qui
502 3339 564 3402 hoo
585 3339 655 3404 loco
677 3339 859 3404 absolutum
881 3341 975 3404 huius
1005 3342 1093 3406 verbi
1116 3361 1209 3406 usum
1239 3341 1310 3404 ideo
1333 3339 1410 3402 nihil
1433 3341 1590 3421 praebere

428 3438 610 3504 offensionis
634 3439 809 3514 contendit,
841 3440 929 3521 quod
957 3441 1117 3505 obiectum
1147 3440 1238 3505 facile
1266 3439 1416 3520 compleri
1437 3439 1536 3520 possit
1558 3443 1589 3517 et

427 3538 522 3602 vertit
545 3538 616 3602 »alii
632 3539 765 3602 deorum
785 3540 872 3620 quod
894 3540 972 3604 alias
992 3541 1136 3622 regiones
1160 3541 1273 3604 attinet
1294 3543 1461 3620 tamquam
1484 3538 1589 3602 coloni

429 3641 548 3702 sortem
574 3637 782 3702 obtinuerunt
803 3642 900 3720 atque
922 3640 985 3720 illa,
1014 3661 1098 3722 quae
1118 3641 1330 3722 accepissent,
1361 3641 1587 3702 exornarunt«.

426 3738 500 3819 Lag.
522 3737 575 3801 Vll
599 3738 697 3801 81aA
725 3738 818 3800 Κατολ
846 3743 907 3818 μὲν
937 3740 997 3824 τήν
1025 3739 1192 3803 ὑπόθεσιν
1278 3741 1383 3818 ἔμοιγε
1415 3736 1454 3799 ου’
1478 3735 1590 3819 φαινό·

426 3840 519 3917 μεόα
544 3838 635 3910 ε’κτός
655 3835 861 3918 πορεύεσθαι
881 3842 946 3901 τῶν
968 3839 1201 3902 ὑποτεθέντων
1222 3837 1332 3918 λόγων,

510 3935 543 4018 δ)
566 3935 665 3999 κατά
695 3937 714 4000 i.
737 3958 767 4019 q.
794 3943 1002 4021 (quantum
1028 3939 1181 4003 attinet
1209 3938 1274 4012 ad',
1306 3934 1403 4018 tper'⁸
1433 3953 1483 4014 ‘so
1508 3931 1591 3996 viel

429 4037 633 4100 ankommt
656 4037 741 4100 καί.
785 4037 826 4100 Hi
849 4043 923 4103 sunt
951 4039 1028 4103 loci:
1060 4031 1469 4121 Sy1np0s.185ss(19,1t)
1502 4030 1596 4093 δοκεῖ

428 4137 488 4217 70⁸9
518 4125 560 4198 αό
588 4135 641 4199 καὶ
673 4123 765 4209 οὗτος
791 4137 829 4200 τό
859 4137 936 4200 καθ’
969 4137 1071 4200 αὐτόν
1100 4137 1314 4220 δεδηλωκέναι
1345 4131 1394 4198 ότι
1421 4131 1539 4215 α’ρετῆς
1568 4131 1594 4210 γ’

457 4365 459 4370 ·
500 4349 525 4418 l)
545 4367 605 4420 pag.
621 4351 655 4404 43
672 4353 699 4404 et
720 4350 751 4402 45
772 4347 806 4419 β).
826 4379 860 4388 -
879 4351 904 4420 2)
924 4349 975 4402 sub
992 4349 1146 4420 κληρουχεῖν.
