3512 5186
636 542 739 608 Ι31

132 749 267 813 neque
294 746 453 809 semper
482 734 577 808 πέρι
605 726 774 806 nomini,
805 724 912 808 quod
938 722 1063 790 alteri
1091 727 1150 789 est
1180 743 1300 806 oppo-

135 831 274 908 situm,
295 830 501 894 adiectum
522 832 588 892 est.
630 827 714 892 Nam
734 846 800 890 non
814 830 883 889 tam
896 825 974 889 locis
992 824 1164 901 invenitur,
1184 825 1302 907 quibus

137 951 174 996 re
187 950 266 994 vera
285 930 377 994 adest
393 928 562 1010 oppositio,
582 931 619 992 ut
634 923 988 1010 Sympos.177C(8,13)
1009 924 1048 988 ad
1070 913 1129 988 οὖν
1148 923 1303 986 τοιούτων

136 1034 202 1110 μὲν
230 1036 304 1109 πέρι
332 1029 456 1112 πολλῆν
477 1027 628 1111 σπουδήν
650 1027 875 1110 ποιήσασθαι,
895 1021 1022 1106 Ἔρωτα
1042 1024 1080 1087 δὲ
1101 1024 1229 1109 μηδένα
1249 1047 1303 1086 πω

137 1127 333 1209 ἀνθρώπων
359 1106 589 1210 τετολμηιιὲναι
717 1125 817 1201 α’ξίως
848 1123 993 1212 ὑμνῆσαι
998 1177 1008 1208 ‚
1040 1125 1098 1191 sed
1129 1125 1226 1189 etjam
1253 1124 1301 1204 iis,

139 1230 257 1312 quibus
278 1227 409 1293 omnino
438 1227 517 1292 nihil
544 1227 628 1292 inest
647 1226 872 1309 oppositionis.
899 1229 936 1290 ut
955 1228 1015 1288 τοῦ
1035 1232 1128 1306 nepa
1157 1226 1224 1290 sive
1244 1227 1305 1287 τοῦ

141 1337 218 1407 πέρι
234 1328 360 1408 λέγεις,
387 1327 475 1410 quod
502 1327 592 1391 haud
620 1346 695 1392 raro
716 1326 855 1390 occurrit
883 1323 1036 1407 [Phaedr.
1058 1327 1157 1390 aeth
1178 1327 1242 1404 (13,
1250 1323 1303 1406 28)

140 1429 277 1512 aliisque
298 1427 397 1510 locis],
419 1448 493 1493 eum
516 1425 594 1501 aliis,
614 1427 670 1491 ubi
690 1427 862 1490 verhomm
883 1427 1118 1510 oppositionem
1137 1427 1304 1502 habemus,

139 1533 223 1608 περι·
243 1528 332 1592 casui
354 1528 534 1607 antecedat,
563 1527 651 1592 velut
668 1526 846 1610 Euthyphr.
867 1526 921 1592 50
942 1528 985 1608 (6,
995 1526 1049 1609 20)
1076 1527 1131 1590 καὶ
1155 1526 1240 1590 πολι(
1261 1523 1305 1589 ἂν

138 1625 403 1710 ήμΐνπρότερον
431 1627 507 1709 περὶ
536 1627 660 1690 ἐκείνου
679 1626 771 1708 λόγος
791 1627 917 1708 ἐγένετο
938 1628 976 1690 ἐν
1000 1629 1047 1708 τῷ
1067 1627 1263 1710 δικαστηρίῳ
1283 1621 1306 1710 ἦ

139 1750 220 1807 περι
237 1749 331 1806 εμον.

185 1827 296 1910 Neque
318 1827 410 1892 ahter
431 1849 482 1892 res
503 1849 537 1892 se
559 1829 668 1905 habet,
687 1828 714 1892 si
730 1827 995 1910 significationem
1013 1828 1131 1910 ,quod
1151 1828 1306 1892 attinet

140 1927 203 1991 ad’
223 1927 418 2010 respicimus.
466 1928 493 1992 Ε
513 1929 837 2012 duodequadraginta
857 1928 950 2001 loeis,
979 1927 1035 2010 qui
1054 1927 1120 1992 tere
1140 1927 1226 1992 hanc
1246 1948 1306 1992 no-

140 2029 264 2092 tionem
285 2029 458 2108 praebent,
480 2032 553 2093 octo
573 2032 701 2093 tanturn
720 2032 800 2109 περί
818 2048 885 2092 non
906 2028 1068 2092 antecedit
1087 2028 1184 2092 casui.
1226 2027 1307 2092 Pro-

140 2129 211 2192 fero
228 2127 302 2208 Leg.
326 2122 366 2190 Vl
388 2128 485 2192 775A
506 2129 610 2208 (1827
633 2131 717 2211 sqq.)
749 2128 825 2210 περὶ
847 2127 886 2190 δὲ
906 2129 972 2190 τῶν
993 2125 1176 2190 ἑστιάσεων
1195 2127 1308 2210 φίλους

140 2231 205 2308 μὲν
225 2227 286 2313 χρη
304 2227 357 2288 καὶ
380 2227 477 2310 φίλως
498 2227 543 2310 μη“
567 2229 698 2301 πλείους
718 2235 819 2290 πέντε
841 2225 1002 2308 ἑκατέρων
1022 2226 1201 2307 συγκαλεῖν.

184 2327 229 2391 Ut
238 2319 459 2409 Thucydidem
475 2328 521 2392 ita
528 2328 695 2393 Platonem
711 2349 841 2412 quoque
861 2328 894 2392 in
909 2329 1096 2410 usurpanda
1110 2327 1308 2408 anastrophe

140 2427 235 2491 nulla
256 2448 290 2491 se
311 2428 381 2509 lege
402 2427 584 2492 astrinxisse
605 2448 690 2511 quae
709 2429 807 2493 modo
828 2428 1108 2510 exposui-docent

186 2527 272 2591 Addi
292 2531 398 2618 potest
418 2528 503 2593 hanc
525 2529 665 2609 ponendi
687 2529 845 2593 rationem
865 2548 931 2592 non
953 2527 1051 2593 semel
1073 2526 1244 2592 aPlatone
1265 2527 1308 2591 ad

142 2627 283 2691 nominis
304 2625 368 2690 vim
391 2629 575 2709 augendam
593 2631 783 2711 usurpatam
803 2628 915 2706 videri,
946 2628 1035 2693 velut
1062 2626 1238 2708 Euthyphr.
1256 2626 1308 2689 31)

144 2725 250 2806 (3,14)
271 2725 390 2788 τούτου
412 2717 470 2790 odo
490 2735 566 2810 πέρι
586 2723 673 2802 ὅπως
701 2732 784 2790 ποτὲ
806 2727 888 2808 πρὸς
906 2727 966 2808 ἐμὲ
985 2727 1130 2807 ἔχουσιν,
1156 2725 1196 2788 οὐ
1217 2724 1309 2787 πάνυ

144 2826 303 2906 ἐπιθυμοῖ
323 2829 535 2912 πειραθῆναι,
558 2827 627 2891 aliis
647 2831 756 2892 autem
776 2827 861 2905 locis
882 2827 999 2911 quihus
1016 2828 1131 2892 eadem
1148 2829 1197 2891 est
1215 2825 1308 2902 ratio,

147 2925 322 2990 desiderari
345 2927 587 3008 anastrophem,
609 2947 683 2992 curu
703 2927 755 2991 alii
777 2927 868 2992 nulla
886 2927 952 2992 eius
974 2926 1105 3009 generis·
1119 2945 1217 2990 causa
1236 2944 1309 2990 eam

143 3024 298 3090 habeant.
339 3025 435 3091 Tales
454 3030 531 3092 sunt
550 3027 627 3092 loci:
656 3027 822 3093 Phaedon.
845 3025 919 3094 600
936 3025 1060 3108 (91,14)
1082 3024 1159 3106 περὶ
1179 3022 1241 3105 γάρ
1261 3046 1311 3086 τοι

143 3127 211 3186 τῶν
231 3125 422 3208 ποιημάτων
444 3114 492 3189 ὦν
512 3131 737 3210 πεποίηκας..
757 3127 811 3190 καὶ
832 3123 925 3191 ἄλλοι
939 3134 1022 3201 τινές
1041 3149 1084 3208 με
1100 3119 1164 3212 ἤδη
1183 3119 1309 3209 ἤραντο,

144 3219 231 3305 ὄναρ
251 3224 306 3286 καὶ
333 3218 457 3308 Εὔηνος
483 3225 614 3310 πρῴην,
642 3227 719 3292 651]
741 3227 865 3310 (100‚9)
891 3226 1032 3307 λέγωδὲ
1059 3225 1135 3307 περὶ
1165 3223 1310 3301 πάντων,

145 3313 216 3386 οἷον
233 3327 394 3404 μεγέθους
415 3333 506 3408 πέρι,
536 3327 668 3409 ὑγιείας,
698 3325 810 3408 ἰσχύος
838 3327 893 3390 καὶ
921 3329 987 3390 τῶν
1017 3323 1126 3390 ἄλλων
1154 3323 1203 3387 ἑνὶ
1228 3321 1311 3404 λόγῳ

145 3421 307 3486 ἁπάντων
326 3427 383 3507 τῆς
402 3424 524 3500 ον’σίας.

228 3523 373 3606 Denique
408 3525 639 3607 arrastropham
664 3546 731 3590 non
765 3525 868 3590 hiatm
902 3525 1053 3592 evitando
1082 3524 1234 3589 inservire
1261 3541 1310 3598 ea,

146 3643 232 3706 quae
251 3628 348 3688 antea
369 3625 410 3689 de
436 3625 527 3690 hiatu
552 3627 640 3708 (pag.
660 3626 700 3690 23
721 3629 754 3690 et
773 3624 827 3706 et)
861 3629 940 3705 περί
965 3624 1209 3708 praepositionis
1236 3621 1310 3695 dixi,

146 3723 224 3787 satis
244 3724 404 3788 evincunt.
446 3725 531 3789 Nam
549 3725 617 3802 etsi,
639 3729 676 3789 ut
697 3725 880 3808 exemplum
896 3725 1039 3802 afferam,
1061 3723 1312 3807 equadraginta

148 3825 303 3905 quattuor
323 3823 401 3888 locis
419 3823 550 3906 Legum,
573 3825 689 3907 qrnbus
704 3832 780 3906 πέρι
801 3846 875 3890 cum
895 3845 976 3890 voce
995 3825 1132 3890 avocati
1149 3822 1312 3906 incipienti

150 3922 336 4004 copulatum
356 3927 413 4000 est,
435 3924 652 4006 quadraginta
664 3923 790 3988 hiatum
810 3925 856 3988 ita
871 3925 1043 4000 declinant,
1064 3928 1102 3989 ut
1121 3941 1224 3988 novus
1245 3941 1312 3986 non

149 4022 282 4098 oriatur,
302 4023 365 4086 hoc
385 4042 452 4087 non
475 4024 606 4088 consilio
627 4023 790 4105 scriptoris
811 4023 1010 4107 propositum
1032 4024 1127 4088 firisse
1148 4023 1182 4088 id
1208 4023 1311 4098 docet,

146 4121 237 4204 quod
257 4121 290 4185 in
314 4121 428 4186 eodem
448 4142 545 4206 opere
565 4127 695 4188 centum
716 4127 749 4188 et
775 4124 1013 4206 duodetriginta
1033 4124 1099 4188 fere
1126 4125 1206 4205 περί
1224 4122 1311 4188 casui

148 4221 373 4285 antecedentia
395 4242 468 4286 cum
489 4223 689 4289 substantivo
709 4244 768 4288 suo
788 4224 881 4289 hiant
893 4225 930 4303 ¹).

188 4324 304 4428 ‘tt—De
323 4367 383 4430 περι
396 4360 608 4432 praeponitionin
625 4380 687 4418 cum
708 4363 767 4418 iota
784 4362 872 4420 vocali
887 4361 1029 4417 ooltieioue
1043 4362 1078 4416 et.
1098 4379 1161 4434 pag.
1173 4364 1207 4418 24
1221 4366 1250 4418 et
1271 4366 1315 4418 2ο.
