3512 5186
1032 525 1052 589 8

454 704 595 769 Platonis
624 703 717 785 igitur
745 704 844 776 oratio
873 702 935 766 iarn
967 724 1005 767 eo
1031 703 1163 768 tendere
1192 704 1332 781 videtur,
1363 725 1427 786 quo
1449 705 1617 785 scriptores
1724 707 1725 712 ’

454 804 566 868 aetatis
597 803 790 887 Polybianae
822 807 989 888 venerant,
1021 804 1050 866 id
1083 805 1168 885 quod
1199 824 1237 866 eo
1268 804 1378 866 maiori
1401 805 1491 866 nohis
1522 804 1615 866 dehet

454 922 521 968 esse
541 903 708 984 mirationi,
732 923 803 967 cum
825 903 856 966 in
872 921 919 980 eo,
940 919 1004 985 quo
1025 903 1123 966 utitur
1138 903 1296 966 scribendi
1314 923 1438 982 genere,
1459 904 1490 966 in
1514 904 1617 983 philo·
1724 983 1725 988 ἵ

454 1003 584 1084 sophico
606 1006 637 1066 et
654 1003 824 1079 dialectice,
847 1002 992 1082 genetivi,
1014 1005 1049 1064 ut
1071 1001 1247 1066 Mommsen
1262 1000 1283 1082 ¹)
1307 1005 1410 1081 docet,
1433 1003 1617 1083 praevalere

453 1102 584 1165 soleant.
628 1103 766 1177 Accedit,
789 1101 875 1183 quod
895 1101 1006 1164 eadem
1027 1102 1225 1182 praepositio,
1250 1122 1332 1182 quae
1347 1103 1431 1183 apud
1451 1101 1615 1182 Polybium

453 1201 635 1283 saepissime
656 1201 798 1266 omnium
822 1201 975 1280 occurrit,
1004 1199 1089 1262 κατά
1113 1221 1137 1264 c.
1162 1219 1238 1279 acc,
1261 1203 1346 1284 apud
1370 1208 1513 1265 nostrum
1536 1222 1617 1284 quo·
1724 1191 1725 1258 i

453 1319 515 1382 que
533 1320 598 1364 non
617 1302 721 1364 solum
742 1301 895 1382 plurimos
916 1302 973 1364 sibi
996 1302 1096 1381 iungit
1117 1303 1326 1379 accusativos,
1347 1304 1401 1366 sed
1427 1305 1521 1366 etiam
1546 1307 1617 1384 post
1724 1283 1725 1310 ³

453 1400 488 1463 ἐν
510 1402 685 1464 maximum
707 1401 848 1464 locorum
870 1421 1038 1464 numerum
1057 1402 1149 1466 offert
1172 1406 1211 1478 et,
1236 1407 1270 1465 ut
1293 1403 1559 1478 tabula-docebit,
1585 1405 1616 1466 in

452 1499 679 1584 posterioribus
701 1501 833 1581 dialogis
850 1500 1039 1583 plerumque
1057 1503 1237 1565 accusativo
1261 1503 1395 1583 primum
1421 1502 1524 1564 locum
1549 1503 1614 1565 dat.
1724 1501 1725 1536 ³

453 1601 572 1680 Quodsi
585 1604 752 1682 poetarum
761 1601 977 1664 scaenicorum
989 1602 1198 1678 condiciones
1210 1621 1290 1682 quas
1301 1603 1392 1664 offert
1402 1599 1615 1682 Mommsenssl,

454 1721 527 1766 curn
550 1705 658 1766 nostro
680 1704 810 1764 auctore
831 1719 1065 1782 comparamus
1087 1702 1225 1765 maxime
1243 1721 1316 1764 eum
1331 1721 1401 1765 curn
1416 1701 1562 1782 Euripide
1583 1706 1613 1764 et

453 1800 667 1882 Aristophane
690 1800 867 1863 consentire
889 1801 1075 1864 invenimus.

494 1898 643 1980 Aeschyli
664 1899 744 1962 haec
775 1903 821 1962 est
848 1918 919 1978 gen.
942 1921 949 1961 :
972 1900 1067 1964 dat:
1097 1918 1162 1964 acc.
1207 1929 1246 1952 =
1270 1905 1281 1962 l
1337 1900 1413 1976 :O,l
1439 1922 1446 1962 :
1469 1900 1519 1977 0‚0'

493 1999 660 2082 Sophoclis
1204 2027 1244 2050 =
1270 2000 1384 2075 r‚5:r
1442 2001 1487 2061 :l

494 2097 650 2179 Euripidis
1204 2102 1283 2160 =1
1342 2101 1387 2160 :l
1444 2100 1543 2176 :135

494 2197 716 2280 Aristophanis
1206 2221 1246 2244 =
1274 2199 1389 2274 1,5:1
1445 2199 1525 2276 :i‚5

536 2296 599 2360 Sed
622 2298 652 2360 in
673 2296 734 2360 hac
756 2315 885 2378 quoque
913 2315 946 2358 re
975 2296 1105 2375 longum
1128 2297 1192 2359 eius
1219 2297 1302 2359 vitae
1322 2298 1459 2378 spatium
1484 2317 1612 2362 causam

453 2395 548 2460 fuisse
566 2395 755 2460 diversitatis
774 2394 930 2458 scribendi
945 2397 1067 2474 generis
1083 2415 1100 2458 e
1117 2395 1225 2459 tabula
1241 2397 1372 2478 perspici
1383 2397 1497 2478 licebit,
1512 2392 1613 2478 'quae
1724 2447 1725 2456 ,

455 2496 524 2579 quis
563 2515 654 2559 casus
690 2500 720 2558 et
757 2514 893 2576 quacum
935 2497 1165 2577 praepositione
1202 2499 1388 2559 coniunctus
1425 2497 1454 2558 in
1488 2496 1616 2576 singulis
1724 2487 1725 2518 ³

454 2595 585 2677 dialogis
614 2596 723 2658 ceteris
753 2596 937 2673 antecellat,
967 2596 1119 2659 ostendet.
1178 2595 1373 2677 Praepositio
1403 2596 1439 2658 ἐν
1467 2595 1615 2658 nimirum

454 2695 515 2758 hac
546 2695 577 2757 in
606 2694 715 2758 tabula
745 2713 808 2758 non
842 2697 872 2757 in
906 2694 1060 2757 calculum
1094 2699 1234 2758 vocatur.
1288 2694 1369 2757 Nam
1406 2695 1553 2757 omnihus
1584 2696 1615 2756 in

455 2793 584 2875 dialogis
601 2798 727 2875 praeter
745 2794 1017 2876 Euthyphronem,
1033 2793 1213 2872 Lachetem,
1232 2793 1422 2874 Sophistam,
1438 2793 1615 2872 Timaeum,

455 2897 578 2957 sextum
624 2893 741 2973 Legum
788 2894 900 2956 librum
946 2893 1154 2974 principatum
1202 2899 1298 2956 tenet.
1363 2894 1538 2974 Superatur
1584 2895 1613 2956 in

455 2993 684 3074 Euthyphrone
716 3012 735 3057 a
767 2993 998 3074 praepositione
1029 2997 1107 3072 περί
1139 3012 1163 3055 c.
1200 3012 1269 3073 geu.
1300 2993 1355 3071 (ἐν
1385 2994 1439 3068 ⁶20,
1478 2997 1557 3072 περί
1589 3013 1614 3056 c.

332 3098 335 3107 '
455 3112 527 3173 gen.
556 3090 626 3174 37),
664 3093 694 3154 in
721 3091 868 3172 Sophiste
904 3097 935 3156 et
971 3091 1103 3155 Timaeo
1138 3111 1157 3155 a
1200 3093 1431 3173 praepositione
1468 3090 1551 3152 και-α’
1589 3112 1614 3154 c.

456 3211 521 3257 acc.
553 3191 714 3274 (Sophiste
744 3193 779 3253 ἐν
816 3193 891 3267 105,
924 3189 1009 3253 >racd
1039 3211 1064 3256 c.
1094 3211 1158 3255 acc.
1191 3195 1265 3266 115;
1300 3191 1450 3256 Timaeus
1481 3191 1516 3252 ἐν
1538 3193 1615 3268 tlt,

455 3291 540 3354 κατά
571 3313 596 3356 c.
626 3313 690 3356 acc.
720 3289 811 3372 253),
844 3313 918 3356 cum
949 3295 979 3355 in
1008 3291 1145 3356 Lachete
1175 3293 1364 3374 praepositio
1391 3295 1469 3370 περί
1496 3311 1521 3354 c.
1543 3294 1637 3370 gens

457 3399 489 3457 et
518 3395 549 3456 in
578 3397 667 3457 sexto
694 3393 813 3474 Legum
843 3395 922 3458 libro
955 3391 999 3466 εἰς
1027 3413 1098 3456 earn
1131 3393 1297 3474 adaequet.
1349 3393 1489 3470 (Laches
1518 3391 1553 3452 ἐν
1586 3396 1616 3454 et

458 3493 535 3574 περί
555 3513 581 3556 c.
604 3513 674 3574 gen.
699 3494 747 3570 78,
771 3493 843 3574 Leg.
867 3493 906 3556 Vl
930 3493 965 3555 ἐν
987 3500 1017 3556 et
1039 3489 1084 3565 εἰς
1105 3493 1167 3566 88).

528 3690 554 3759 1)
572 3689 724 3744 Mommsen
742 3689 836 3759 Progr.
861 3689 925 3742 1874
946 3704 1008 3758 pag.
1029 3689 1068 3744 18.
1089 3719 1115 3727 --
1147 3690 1173 3756 2)
1194 3708 1217 3742 v.
1238 3707 1300 3758 pag.
1321 3693 1335 3742 7
1355 3690 1417 3743 adn.
1437 3692 1461 3743 3.
