3512 5186
995 521 1035 586 69

428 700 682 784 μαστιγούσθω,
709 701 860 768 1118731)
891 700 1015 784 τάφους
1042 701 1070 762 δ’
1099 691 1183 764 εἶναι
1211 749 1236 766 ..
1262 703 1392 782 πρῶτον
1416 705 1477 782 μὲν
1504 702 1589 763 κατδ

428 801 547 884 μόνας,
574 804 659 868 idem
676 803 731 867 XII
759 803 820 867 949
839 802 873 867 Β.
904 800 1073 867 11119560
1103 801 1188 865 κατδ
1216 801 1253 864 τδ
1284 800 1467 864 δωδέκατον
1495 810 1590 883 μέρος

429 903 621 987 διῃρημένοι.

511 1052 543 1136 d)
567 1054 688 1120 Looaiis
709 1052 948 1136 praepositionis
963 1050 1047 1114 κατά
1069 1051 1154 1116 noiio
1173 1050 1303 1118 alieuius
1324 1053 1367 1117 rei
1389 1053 1495 1135 aliquo
1517 1055 1588 1116 ien-

429 1155 531 1218 deniis
553 1153 707 1218 translata
739 1153 770 1217 in
792 1152 935 1217 oratione
956 1150 987 1216 id
1009 1151 1149 1215 indicare
1170 1155 1290 1234 potest,
1323 1153 1430 1235 quod
1459 1152 1587 1216 aiicui

431 1258 492 1319 est
513 1253 788 1337 propositum,
818 1250 924 1333 quod
953 1251 1053 1315 vuli.
1103 1249 1229 1334 Proiag.
1252 1252 1347 1317 3371)
1370 1251 1491 1334 (8334)
1517 1251 1589 1314 κατ’

428 1354 512 1418 αδτδ
533 1356 629 1418 τοῦτο
652 1355 711 1416 νῦν
740 1347 1019 1432 συνεληλυθότας,
1048 1350 1195 1435 Reipubl.
1216 1352 1242 1416 II
1265 1353 1361 1417 3821)
1384 1352 1468 1415 κατιὲ
1487 1358 1520 1415 τί
1546 1352 1588 1440 δι)

429 1445 486 1522 οὖν
501 1453 625 1520 τούτων
636 1455 682 1536 τῷ
692 1454 762 1532 θεῷ
776 1450 814 1514 τδ
830 1449 952 1540 ψεῦδος
964 1448 1123 1534 χρήσιμον
1129 1476 1150 1531 ,·,
1168 1452 1324 1518 31153811
1340 1453 1418 1516 καθ’
1435 1449 1496 1515 ὅτι
1510 1451 1586 1534 χρή-

430 1577 526 1639 σιμα,
555 1555 674 1621 Poliiic.
696 1550 793 1617 2980
821 1551 899 1615 καθ’
927 1546 995 1613 ότι
1015 1551 1076 1634 χρυ)
1107 1600 1129 1616 ..
1158 1554 1312 1638 χρῆσθαι.
1354 1553 1499 1618 Fortasse
1522 1553 1587 1617 huo

430 1659 535 1725 referri
558 1651 859 1722 debeiCriti.1190
880 1653 945 1714 τῶν
967 1650 1046 1714 δέκα
1067 1651 1227 1732 βασιλέων
1249 1641 1294 1726 εἷς
1315 1652 1448 1726 ἕκαστος
1469 1654 1504 1714 ἐν
1524 1656 1588 1733 μὲν

429 1762 476 1842 τῷ
494 1758 572 1822 καθ’
599 1755 702 1819 αὐτόν
722 1761 811 1835 με’ρει
899 1739 988 1835 ἦρχε.
1031 1751 1103 1834 Leg.
1123 1751 1135 1815 l
1156 1751 1250 1818 6950
1273 1752 1315 1835 (3,
1325 1753 1356 1832 7)
1383 1753 1467 1815 κατδ
1489 1757 1524 1816 τί
1543 1753 1588 1816 τοὶ

430 1856 581 1936 ξυσσίτιοέ
600 1879 637 1918 τε
657 1854 735 1937 δμΐν
756 1857 953 1932 συντέταχεν
983 1848 1133 1932 όνόμος,
1162 1852 1217 1916 ΧΠ
1238 1852 1333 1918 9533
1362 1852 1423 1917 τόν
1449 1852 1532 1915 κατό
1557 1875 1589 1916 τι

431 1957 588 2044 δημόσιον
605 1956 641 2031 ἐξ
661 1949 759 2040 ἄλλης
778 1951 883 2038 χώρας
903 1953 1089 2036 α’φιγμένον.
1343 1965 1344 1970 ’

511 2109 540 2191 e)
567 2110 638 2173 Non
661 2106 797 2172 muitum
820 2107 909 2172 abest
930 2106 971 2171 ab
993 2106 1053 2172 hac
1074 2107 1303 2189 significatione
1330 2129 1385 2187 ea,
1413 2129 1495 2192 quae
1516 2111 1588 2176 ali·

432 2210 522 2294 quid
545 2208 714 2274 alicuius
737 2207 791 2271 rei
814 2225 900 2270 esse
923 2225 1083 2272 causam
1103 2208 1263 2273 indicat.

473 2312 503 2392 1)
526 2308 606 2374 Cum
635 2306 773 2371 verbis
802 2309 840 2370 ei
866 2305 1088 2370 adieciivis
1114 2307 1344 2372 admirandi
1375 2308 1588 2374 laudandi-

431 2430 516 2493 que.
558 2408 650 2489 Gorg.
662 2406 721 2470 482
732 2405 759 2472 D
769 2406 830 2485 (59,
840 2405 871 2485 7)
882 2405 952 2466 κατ’
968 2404 1049 2469 αδτδ
1063 2407 1160 2468 τοῦτο
1175 2405 1232 2469 οὐκ
1253 2402 1376 2489 ἄγαμαι
1386 2408 1512 2486 Πῶλον,
1526 2404 1588 2486 ὅτι,

430 2509 546 2592 Craiyl.
567 2507 665 2572 395A
685 2505 747 2588 (90,
756 2504 788 2587 4)
816 2501 867 2570 ὅτι
885 2493 943 2568 οὖν
963 2504 1105 2586 α’γαστδς
1129 2507 1214 2570 κατδ
1234 2507 1294 2590 την
1314 2509 1473 2592 ἐπιμονήν
1493 2495 1589 2584 οὗτος

430 2609 448 2671 ὁ
468 2606 562 2692 α’νήρ,
582 2607 727 2690 Sympos.
749 2605 840 2670 1783
858 2604 959 2687 (913)
982 2604 1188 2686 θαυμαστός,
1210 2606 1338 2672 Lachei.
1351 2609 1442 2673 1913
1460 2609 1521 2688 (47,
1531 2610 1587 2682 30)

430 2709 643 2788 ἐνεκωμίασε,
670 2705 816 2788 Reipubl.
838 2705 865 2769 V
892 2703 987 2768 4540
1004 2704 1137 2785 γελοῖος,
1167 2706 1309 2772 116183
1330 2705 1470 2788 δόκιμος,
1499 2708 1586 2775 Criii.

432 2807 522 2872 1193
543 2804 704 2888 ἐλλόγιμος
726 2808 757 2870 ei
777 2801 967 2885 ὀνομαστός,
988 2804 1059 2886 Leg.
1082 2805 1124 2870 IX
1146 2806 1240 2870 8591)
1263 2805 1434 2888 πάγκαλος.

471 2905 503 2987 9)
526 2893 759 2972 Cum'verbis
781 2902 1024 2969 nominandi.
1067 2904 1174 2969 Affero
1196 2904 1313 2988 Craiyl.
1331 2905 1429 2970 403A
1459 2904 1585 2988 (3210)

429 3007 527 3069 τοῦτο
549 3004 603 3088 (=
625 3004 664 3068 τδ
685 3002 876 3076 Πλούτωνος
893 2998 1116 3085 ὅνομα),κατδ
1146 3004 1205 3092 την
1226 3007 1285 3068 τοῦ
1312 3004 1454 3068 πλούτου
1482 3003 1586 3084 δόσιν,

431 3101 481 3168 ὅτι
500 3105 535 3168 ἐκ
560 3106 615 3189 τῆς
633 3105 687 3188 γῆς
706 3103 860 3166 κάτωθεν
879 3102 1006 3170 οἷνίεται
1026 3101 1044 3164 ό
1065 3103 1204 3180 πλοῦτος
1226 3105 1467 3188 ἐπωνομάσθη,
1488 3103 1586 3170 4043
1609 3154 1611 3171 .

431 3205 554 3283 (34,11)
574 3200 729 3286 Δημήτηρ
746 3206 807 3282 μὲν
830 3206 981 3285 φαίνεται
1001 3202 1085 3265 κατδ
1106 3201 1166 3290 την
1184 3201 1279 3270 δόσιν
1300 3207 1356 3290 τῇς
1376 3203 1513 3287 ἐδωδῆς,
1539 3203 1586 3266 δι-

431 3304 536 3366 δοῦσα
556 3300 720 3386 ιδςμήτηρ
740 3300 935 3384 κεκλῆσθαι,
963 3301 1110 3383 Reipubl.
1132 3303 1261 3368 13411)
1291 3302 1329 3365 οδ
1356 3303 1416 3384 γδρ
1442 3303 1526 3367 κατδ
1547 3304 1588 3365 τό

431 3402 527 3468 πλεῖν
547 3400 738 3486 κυβερνήτης
765 3399 910 3464 καλεῖται
931 3399 1015 3463 α’λλοὶ
1044 3401 1128 3464 κατα
1149 3402 1209 3485 την
1228 3410 1342 3486 τέχνην
1363 3403 1416 3466 καὶ
1443 3403 1504 3488 τήν
1520 3405 1586 3466 τῶν

430 3502 558 3568 ναυτῶν
577 3500 688 3589 α’ρχήν.
730 3502 898 3566 Praeterea
919 3499 972 3565 tali
997 3519 1068 3565 oum
1092 3501 1189 3566 verbo
1210 3503 1413 3568 coniunctum
1435 3507 1481 3568 esi
1501 3501 1585 3565 κατά

431 3602 527 3668 semei
547 3606 579 3667 ei
599 3603 701 3667 vicies.

427 3727 430 3736 ’
480 3700 511 3785 3)
534 3701 616 3767 Cum
650 3697 865 3765 adiectivis
900 3697 1207 3762 similitudinem
1236 3698 1582 3780 signiiioaniibus.

431 3800 578 3866 Parmen.
607 3800 704 3864 1483
737 3797 892 3879 α’νόμοιου
927 3799 1020 3861 ἔσται
1050 3796 1135 3860 κατδ
1173 3795 1362 3860 τούναντίον
1394 3797 1505 3871 πόθος
1538 3798 1585 3876 τῷ

431 3901 593 3980 ὁμοιοῦντι
622 3897 745 3977 πόθει,
783 3895 875 3964 1610
901 3897 955 3959 καὶ
986 3892 1097 3977 ὅμοιον
1125 3892 1169 3960 δν
1195 3895 1244 3979 εἴη
1272 3895 1382 3971 αὐτοῖς
1407 3897 1492 3960 κατδ
1523 3896 1584 3983 την

431 3998 576 4082 ἰσότητα.
843 4060 845 4066 ,

470 4100 503 4177 4)
519 4098 610 4164 Cum
626 4097 837 4163 adieoiivis
854 4095 1021 4177 α’γαθός,
1043 4094 1231 4175 ᾰνόξιος,
1250 4093 1434 4177 θεμιτός,
1452 4092 1583 4174 κακός,

433 4197 555 4281 φίλος.
596 4198 722 4279 Proiag.
746 4197 842 4264 353D
863 4195 1008 4278 (10394)
1030 4195 1070 4260 ον’
1088 4194 1173 4259 κατδ
1192 4194 1252 4283 τήν
1273 4194 1372 4281 αὐτῆς
1392 4195 1448 4278 τῆς
1469 4193 1584 4278 ἡδονῆς

431 4342 491 4362 ....
513 4296 667 4378 ἐργασίαν
687 4293 771 4362 κακό
789 4295 887 4375 ἐστιν,
909 4293 994 4358 α’λλδ
1010 4293 1064 4358 διδ
1080 4293 1122 4358 voi
1139 4289 1276 4374 {faunos
1287 4291 1466 4375 γιγνόμενα,
1489 4291 1583 4357 3543
