3512 5186
966 505 1180 620 aa*

961 784 1069 870 Gaput
1089 785 1125 853 7.

596 931 629 1013 Ι.
678 929 736 1014 De
775 941 837 1008 σύν
868 926 1156 1038 praepositionis
1183 955 1257 1013 usu
1284 929 1492 1015 Platonico

540 1118 628 1184 Haec
651 1117 843 1200 praepositio
861 1116 885 1195 't
908 1117 1133 1182 convenienter
1153 1116 1199 1196 iis,
1219 1137 1303 1200 quae
1323 1118 1499 1190 Mommsen
1521 1099 1561 1185 de
1583 1139 1622 1184 ea

460 1219 622 1300 disseruit,
651 1219 747 1284 etiam
768 1238 788 1282 a
809 1217 941 1282 Platone
962 1220 998 1281 ut
1019 1217 1173 1298 pedestris
1193 1218 1344 1283 orationis
1360 1203 1514 1300 scriptore
1535 1221 1622 1284 bono

459 1339 563 1402 paene
582 1319 748 1394 abhorret3
780 1336 857 1382 nam
886 1317 991 1381 tricies
1013 1317 1110 1381 modo
1132 1317 1284 1398 occurrit,
1313 1317 1347 1382 in
1377 1318 1482 1384 locum
1512 1323 1621 1384 autem

459 1421 526 1486 eius
546 1419 697 1485 successit
718 1415 803 1498 μενά
825 1437 850 1481 c.
870 1436 957 1498 gen,
980 1418 1069 1500 quod
1086 1418 1147 1482 510
1169 1417 1245 1482 locis
1265 1438 1298 1483 se
1317 1418 1419 1482 offert.

540 1521 588 1585 Ac
612 1519 801 1602 priusquam
822 1537 897 1582 usus
926 1537 1044 1599 genera
1065 1537 1272 1598 exponamus,
1302 1538 1407 1600 pauca
1430 1518 1470 1582 de
1493 1517 1622 1582 forma

459 1621 595 1685 dicenda
615 1621 698 1684 sunt.
738 1617 847 1682 Tertia
867 1617 932 1706 fere
954 1617 1098 1681 omnium
1113 1617 1256 1682 locorum
1271 1639 1362 1701 pars:
1385 1637 1516 1682 novem:
1539 1618 1622 1682 anti-

458 1719 577 1802 quioris
599 1717 696 1782 Attici
708 1717 732 1794 ⁹)
754 1717 907 1781 sermonis
930 1715 1067 1779 formam
1090 1713 1162 1793 ξύν,
1192 1716 1288 1782 ceteri
1309 1736 1420 1782 omnes
1442 1714 1505 1782 σύν
1526 1737 1622 1799 prae·

458 1820 543 1884 bent
587 1816 732 1880 Fortasse
753 1813 996 1879 commemorari
1017 1813 1090 1878 licet
1108 1813 1141 1876 in
1155 1814 1343 1896 Republica,
1364 1836 1449 1898 qnae
1468 1837 1523 1882 sex
1543 1817 1621 1882 locis

457 1919 542 1982 hanc
563 1913 755 1998 particulam
777 1913 914 1993 exhibet,
937 1912 1105 1995 quinquies
1121 1912 1259 1978 termam
1278 1911 1338 1988 ξύν
1352 1913 1485 1980 inveniri
1496 1917 1531 1986 Β).
1575 1916 1620 1980 At

456 2014 659 2096 Thucydides
667 2011 692 2091 ⁴)
716 2015 844 2092 praeter
864 2031 965 2075 unum
987 2012 1111 2088 locum,
1142 2011 1197 2092 qui
1220 2009 1282 2075 σύν
1302 2010 1402 2076 habet
1424 2012 1474 2090 (ΠΙ
1499 2013 1566 2087 104,
1577 2014 1620 2090 3),

456 2115 560 2178 forma
582 2108 642 2187 ξύν
662 2108 766 2174 tricies
788 2113 820 2174 et
842 2109 1011 2192 quinquies
1033 2109 1097 2173 fere
1119 2129 1194 2173 usus
1213 2112 1269 2182 est,
1293 2109 1478 2174 Aristoteies
1500 2113 1619 2188 autem,

457 2211 544 2293 quod
566 2208 697 2292 quidem
718 2229 736 2272 e
757 2208 837 2272 libro
859 2209 898 2273 R.
919 2207 1095 2280 Euckeni⁵)
1127 2207 1231 2288 colligi
1261 2205 1370 2282 liceat,
1400 2205 1460 2281 ξύν
1482 2209 1619 2277 rounam
1733 2289 1734 2310 Χ

455 2309 521 2373 iam
542 2327 608 2372 non
625 2306 715 2371 novit
734 2309 765 2370 et
785 2305 937 2388 Polybius
946 2304 975 2387 ⁸)
1002 2305 1079 2370 item
1105 2305 1229 2370 nullum
1253 2304 1348 2370 buius
1369 2306 1490 2370 formae
1511 2327 1618 2372 exem-

455 2407 545 2488 plum
565 2406 709 2488 praebet.

536 2506 604 2570 Iam
626 2505 668 2568 ad
695 2502 820 2586 singula
848 2503 1049 2567 accedamus.
1097 2503 1133 2568 ln
1159 2503 1347 2570 diversisut
1333 2503 1422 2567 tendi
1446 2505 1615 2586 generibus

454 2603 679 2670 enumerandis
699 2600 971 2680 Mommsenum')
994 2620 1173 2684 sequemur.

495 2701 583 2768 Not
557 2705 613 2766 rto
636 2698 834 2782 primaria
855 2700 950 2764 firisse
971 2698 1098 2763 videtur
1117 2697 1367 2780 mitsammt'.

496 2798 530 2880 1)
552 2799 643 2878 Quae
663 2796 781 2862 notio'
773 2817 806 2860 m
827 2797 1041 2862 comitatus
1062 2799 1095 2862 et
1110 2796 1242 2860 societ
1250 2799 1291 2859 at
1228 2795 1329 2860 ttis
1350 2795 1613 2876 significationem
1732 2789 1733 2806 *

452 2896 650 2962 transcendit
670 2895 747 2960 locis
769 2895 834 2959 his:
852 2893 989 2960 Phaedr.
1009 2891 1100 2956 3891]
1113 2893 1198 2972 (MS)
1221 2891 1324 2975 αὐτήν
1346 2891 1403 2974 (=
1414 2890 1614 2972 Ὠρείθυιαν)

454 2994 516 3060 orio
539 2995 732 3076 Φαρμακείᾳ
760 2995 958 3069 παίζουσαν,
988 2990 1080 3054 2503
1113 2989 1179 3071 (33,
1194 2992 1247 3070 il)
1277 2987 1331 3057 dee
1357 2989 1419 3056 σύν
1447 2989 1616 3072 εὐδαίμονι

451 3095 537 3176 χορῷ
560 3093 744 3174 μαρκαρίαν
771 3083 852 3176 ὄψιν
940 3078 1029 3149 εἶδον
1060 3122 1096 3132 -·
1126 3088 1614 3170 Theaetet.173D(le‚3Jnat

452 3192 516 3256 σύν
536 3189 704 3272 αὐλητρίσι
725 3189 836 3268 κῶμοι,
857 3185 1046 3252 Germanice
1066 3184 1108 3264 tin
1130 3184 1338 3252 Gesellschait
1357 3185 1440 3250 von'.

493 3287 531 3368 8)
554 3287 635 3353 Cum
653 3285 812 3350 societatis
823 3285 1055 3366 significatione
1071 3284 1189 3348 coaluit
1207 3284 1414 3348 auxilium.
1457 3283 1614 3364 Imprimis

363 3379 366 3384 ’
450 3387 490 3451 de
511 3386 645 3451 deorum
665 3381 781 3447 auxilio
803 3383 848 3447 ita
869 3383 974 3446 dicere
992 3382 1138 3446 solebant
1160 3385 1191 3446 et
1211 3381 1349 3446 formula
1372 3381 1438 3444 odo
1459 3381 1531 3461 θεῷ
1556 3401 1614 3462 per

451 3483 560 3548 omnia
579 3482 708 3563 linguae
729 3480 870 3546 Graecae
891 3483 1038 3562 tempora
1058 3479 1092 3544 in
1109 3499 1169 3543 usu
1192 3482 1269 3543 erat.
1311 3479 1404 3543 Plato
1426 3499 1555 3561 quoque
1575 3501 1614 3544 ea

518 3680 544 3751 1)
568 3680 602 3734 de
625 3679 652 3734 ri
679 3681 708 3736 et
731 3677 901 3750 etymologia
925 3678 957 3733 ol.
984 3678 1133 3732 Mommsen
1159 3677 1253 3747 Progr.
1275 3678 1342 3733 1874
1365 3695 1428 3750 pag.
1446 3679 1481 3734 40
1498 3697 1557 3748 sqq.
1581 3711 1610 3720 -

448 3763 525 3832 MR.
544 3763 657 3820 Kiihner
676 3763 796 3818 Gramm
820 3762 903 3858 §.601
926 3779 951 3832 p.
966 3765 1081 3817 273-
1108 3763 1134 3832 3)
1159 3761 1263 3816 These
1251 3765 1301 3817 et
1326 3764 1403 3818 151ss
1426 3765 1533 3860 (1317)
1555 3780 1612 3817 non

447 3849 636 3904 Hermannum
657 3863 770 3917 sequor,
796 3845 843 3916 qui
862 3844 957 3901 scribit
945 3847 1040 3910 trimi
1070 3847 1116 3902 sed
1144 3862 1204 3899 curn
1223 3845 1426 3902 Schanzioovv
1450 3849 1480 3902 in
1503 3851 1611 3904 textum

447 3931 562 4003 recipio,
587 3950 649 3988 eum
673 3931 785 3987 meliore
808 3932 901 3986 textus
926 3929 1058 3986 memoria
1088 3929 1224 3984 tradatur.
1273 3931 1344 3986 Nam
1376 3933 1461 3988 codex
1489 3932 1611 3987 Venetus

448 4015 630 4088 (SobanziiT,
652 4015 769 4073 Beklreri
788 4017 810 4084 t)
832 4015 1011 4086 praebet
964 4017 1019 4079 σία,
1037 4013 1129 4069 omisit
1146 4013 1229 4068 codex
1243 4014 1407 4070 Bodleianus
1427 4016 1611 4102 (SebanziiB

447 4101 567 4158 Beklreri
591 4102 642 4171 ab)
673 4104 717 4160 aa
741 4100 850 4156 addidit
869 4109 947 4156 vetus
972 4055 1037 4154 libri
1061 4099 1083 4150 B
1111 4114 1208 4152 uranus
1233 4097 1322 4154 altera
1349 4100 1544 4171 (Sobannii)
1516 4100 1610 4169 b).—

447 4187 475 4257 4)
495 4186 581 4241 Index
607 4186 801 4256 Thucydidem
825 4186 896 4240 conf.
919 4204 936 4240 a
959 4185 996 4241 M.
1023 4184 1055 4237 Η.
1073 4181 1107 4236 N.
1132 4197 1183 4235 von
1203 4182 1293 4237 Essen.
1325 4184 1443 4240 Berolin.
1462 4185 1528 4239 1887
1547 4201 1611 4254 pag

446 4270 497 4324 406
514 4273 543 4325 et
560 4270 624 4334 2743
645 4270 798 4325 Mommsen
817 4269 912 4339 Progr.
932 4269 998 4323 1874
1018 4285 1081 4337 pag.
1099 4267 1123 4318 4.
1146 4295 1176 4304 -
1202 4266 1229 4335 5)
1249 4283 1311 4336 pag.
1328 4268 1368 4322 29.
1405 4301 1437 4310 -
1475 4269 1505 4336 6)
1522 4268 1607 4322 Krebs

446 4370 507 4424 pag.
525 4355 567 4410 84.
593 4383 624 4394 -
658 4356 687 4428 7)
705 4355 855 4410 Mommsen
873 4353 968 4424 Progr.
990 4355 1056 4410 1874
1074 4367 1136 4421 pag.
1156 4350 1190 4405 38
1208 4368 1267 4420 sqq.
