<?xml version="1.0" encoding="UTF-8"?>
<!DOCTYPE html PUBLIC "-//W3C//DTD XHTML 1.0 Transitional//EN"
    "http://www.w3.org/TR/xhtml1/DTD/xhtml1-transitional.dtd">
<html xmlns="http://www.w3.org/1999/xhtml" xml:lang="en" lang="en">
 <head>
  <title>
</title>
<meta http-equiv="Content-Type" content="text/html;charset=utf-8" />
  <meta name='ocr-system' content='tesseract 3.04.00' />
  <meta name='ocr-capabilities' content='ocr_page ocr_carea ocr_par ocr_line ocrx_word'/>
</head>
<body>
  <div class='ocr_page' id='page_1' title='image "./depraepositionu00linagoog_0027.png"; bbox 0 0 3512 5186; ppageno 0'>
   <div class='ocr_carea' id='block_1_1' title="bbox 1009 535 1049 601">
    <p class='ocr_par' dir='ltr' id='par_1_1' title="bbox 1009 535 1049 601">
     <span class='ocr_line' id='line_1_1' title="bbox 1009 535 1049 601; baseline 0 0"><span class='ocrx_word' id='word_1_1' title='bbox 1009 535 1049 601; x_wconf 74' lang='lat' dir='ltr'>uu</span> 
     </span>
    </p>
   </div>
   <div class='ocr_carea' id='block_1_2' title="bbox 445 715 1604 808">
    <p class='ocr_par' dir='ltr' id='par_1_2' title="bbox 445 715 1604 808">
     <span class='ocr_line' id='line_1_2' title="bbox 445 715 1604 808; baseline -0.009 -19"><span class='ocrx_word' id='word_1_2' title='bbox 445 722 575 808; x_wconf 91' lang='lat' dir='ltr'>quinis</span> <span class='ocrx_word' id='word_1_3' title='bbox 598 720 708 786; x_wconf 92' lang='lat' dir='ltr'>denis</span> <span class='ocrx_word' id='word_1_4' title='bbox 727 717 904 801; x_wconf 89' lang='lat' dir='ltr'>singulos</span> <span class='ocrx_word' id='word_1_5' title='bbox 924 717 1009 784; x_wconf 87' lang='lat' dir='ltr'>locos</span> <span class='ocrx_word' id='word_1_6' title='bbox 1035 717 1120 782; x_wconf 90' lang='lat' dir='ltr'>hanc</span> <span class='ocrx_word' id='word_1_7' title='bbox 1148 715 1284 800; x_wconf 88' lang='lat' dir='ltr'>ponendi</span> <span class='ocrx_word' id='word_1_8' title='bbox 1307 715 1463 782; x_wconf 86' lang='lat' dir='ltr'>rationem</span> <span class='ocrx_word' id='word_1_9' title='bbox 1485 715 1604 780; x_wconf 90' lang='lat' dir='ltr'>habere</span> 
     </span>
    </p>
   </div>
   <div class='ocr_carea' id='block_1_3' title="bbox 444 815 1737 907">
    <p class='ocr_par' dir='ltr' id='par_1_3' title="bbox 444 815 1737 907">
     <span class='ocr_line' id='line_1_3' title="bbox 444 815 1737 907; baseline -0.009 -19"><span class='ocrx_word' id='word_1_10' title='bbox 444 824 595 907; x_wconf 86' lang='lat' dir='ltr'>sequitur.</span> <span class='ocrx_word' id='word_1_11' title='bbox 637 820 749 885; x_wconf 85' lang='lat' dir='ltr'>Denuo</span> <span class='ocrx_word' id='word_1_12' title='bbox 763 818 815 883; x_wconf 91' lang='lat' dir='ltr'>hic</span> <span class='ocrx_word' id='word_1_13' title='bbox 832 837 959 901; x_wconf 89' lang='lat' dir='ltr'>quoquc</span> <span class='ocrx_word' id='word_1_14' title='bbox 975 818 1077 882; x_wconf 89' lang='lat' dir='ltr'>maior</span> <span class='ocrx_word' id='word_1_15' title='bbox 1093 835 1244 881; x_wconf 89' lang='lat' dir='ltr'>numerus</span> <span class='ocrx_word' id='word_1_16' title='bbox 1260 816 1408 899; x_wconf 85' lang='lat' dir='ltr'>operibus</span> <span class='ocrx_word' id='word_1_17' title='bbox 1424 815 1604 898; x_wconf 87' lang='lat' dir='ltr'>posterioris</span> <span class='ocrx_word' id='word_1_18' title='bbox 1736 835 1737 884; x_wconf 68' lang='lat' dir='ltr'>r</span> 
     </span>
    </p>
   </div>
   <div class='ocr_carea' id='block_1_4' title="bbox 368 915 1608 3300">
    <p class='ocr_par' dir='ltr' id='par_1_4' title="bbox 371 915 1608 2284">
     <span class='ocr_line' id='line_1_4' title="bbox 445 915 1604 1001; baseline -0.009 -13"><span class='ocrx_word' id='word_1_19' title='bbox 445 922 557 988; x_wconf 85' lang='lat' dir='ltr'>aetatis</span> <span class='ocrx_word' id='word_1_20' title='bbox 585 919 736 1001; x_wconf 90' lang='lat' dir='ltr'>assignari</span> <span class='ocrx_word' id='word_1_21' title='bbox 764 918 866 983; x_wconf 90' lang='lat' dir='ltr'>debet.</span> <span class='ocrx_word' id='word_1_22' title='bbox 916 917 1087 982; x_wconf 89' lang='lat' dir='ltr'>Praeterea</span> <span class='ocrx_word' id='word_1_23' title='bbox 1116 916 1250 981; x_wconf 87' lang='lat' dir='ltr'>fortasse</span> <span class='ocrx_word' id='word_1_24' title='bbox 1280 936 1345 980; x_wconf 90' lang='lat' dir='ltr'>non</span> <span class='ocrx_word' id='word_1_25' title='bbox 1376 915 1452 980; x_wconf 90' lang='lat' dir='ltr'>nihil</span> <span class='ocrx_word' id='word_1_26' title='bbox 1473 915 1604 980; x_wconf 89' lang='lat' dir='ltr'>interest</span> 
     </span>
     <span class='ocr_line' id='line_1_5' title="bbox 445 1015 1603 1104; baseline -0.007 -18"><span class='ocrx_word' id='word_1_27' title='bbox 445 1021 619 1104; x_wconf 86' lang='lat' dir='ltr'>exquirere,</span> <span class='ocrx_word' id='word_1_28' title='bbox 648 1038 731 1102; x_wconf 90' lang='lat' dir='ltr'>quae</span> <span class='ocrx_word' id='word_1_29' title='bbox 762 1018 937 1082; x_wconf 79' lang='lat' dir='ltr'>intercedat</span> <span class='ocrx_word' id='word_1_30' title='bbox 957 1017 1038 1083; x_wconf 89' lang='lat' dir='ltr'>ratio</span> <span class='ocrx_word' id='word_1_31' title='bbox 1059 1018 1140 1081; x_wconf 91' lang='lat' dir='ltr'>inter</span> <span class='ocrx_word' id='word_1_32' title='bbox 1164 1017 1307 1080; x_wconf 93' lang='lat' dir='ltr'>omnium</span> <span class='ocrx_word' id='word_1_33' title='bbox 1327 1015 1603 1098; x_wconf 89' lang='lat' dir='ltr'>interpositionum</span> 
     </span>
     <span class='ocr_line' id='line_1_6' title="bbox 446 1114 1603 1201; baseline -0.007 -16"><span class='ocrx_word' id='word_1_34' title='bbox 446 1124 477 1185; x_wconf 91' lang='lat' dir='ltr'>et</span> <span class='ocrx_word' id='word_1_35' title='bbox 499 1121 658 1196; x_wconf 90' lang='lat' dir='ltr'>omnium,</span> <span class='ocrx_word' id='word_1_36' title='bbox 688 1118 802 1201; x_wconf 91' lang='lat' dir='ltr'>quibus</span> <span class='ocrx_word' id='word_1_37' title='bbox 824 1117 954 1181; x_wconf 92' lang='lat' dir='ltr'>omnino</span> <span class='ocrx_word' id='word_1_38' title='bbox 984 1119 1064 1195; x_wconf 85' lang='grc' dir='ltr'><em>περί</em></span> <span class='ocrx_word' id='word_1_39' title='bbox 1088 1115 1232 1193; x_wconf 93' lang='lat' dir='ltr'>occurrit,</span> <span class='ocrx_word' id='word_1_40' title='bbox 1261 1114 1403 1179; x_wconf 92' lang='lat' dir='ltr'>locorum</span> <span class='ocrx_word' id='word_1_41' title='bbox 1425 1135 1603 1179; x_wconf 90' lang='lat' dir='ltr'>numerum.</span> 
     </span>
     <span class='ocr_line' id='line_1_7' title="bbox 447 1216 1605 1302; baseline -0.002 -20"><span class='ocrx_word' id='word_1_42' title='bbox 447 1223 525 1302; x_wconf 80' lang='grc' dir='ltr'><em>περί</em></span> <span class='ocrx_word' id='word_1_43' title='bbox 558 1219 725 1298; x_wconf 89' lang='lat' dir='ltr'>invenitur,</span> <span class='ocrx_word' id='word_1_44' title='bbox 751 1217 826 1282; x_wconf 89' lang='lat' dir='ltr'>locis</span> <span class='ocrx_word' id='word_1_45' title='bbox 860 1217 1056 1300; x_wconf 76' lang='lat' dir='ltr'>anastrophe</span> <span class='ocrx_word' id='word_1_46' title='bbox 1090 1217 1209 1282; x_wconf 85' lang='lat' dir='ltr'>ornatis</span> <span class='ocrx_word' id='word_1_47' title='bbox 1237 1216 1478 1298; x_wconf 77' lang='lat' dir='ltr'>praetermissis,</span> <span class='ocrx_word' id='word_1_48' title='bbox 1513 1216 1605 1295; x_wconf 64' lang='lat'>2929,</span> 
     </span>
     <span class='ocr_line' id='line_1_8' title="bbox 447 1315 1606 1402; baseline -0.002 -18"><span class='ocrx_word' id='word_1_49' title='bbox 447 1321 588 1386; x_wconf 90' lang='lat' dir='ltr'>omnium</span> <span class='ocrx_word' id='word_1_50' title='bbox 608 1319 880 1402; x_wconf 87' lang='lat' dir='ltr'>interpositionum</span> <span class='ocrx_word' id='word_1_51' title='bbox 895 1337 1018 1383; x_wconf 88' lang='lat' dir='ltr'>summa</span> <span class='ocrx_word' id='word_1_52' title='bbox 1033 1319 1081 1381; x_wconf 90' lang='lat' dir='ltr'>est</span> <span class='ocrx_word' id='word_1_53' title='bbox 1097 1316 1167 1396; x_wconf 67' lang='lat' dir='ltr'>Phi,</span> <span class='ocrx_word' id='word_1_54' title='bbox 1185 1315 1365 1397; x_wconf 82' lang='lat' dir='ltr'>singulae</span> <span class='ocrx_word' id='word_1_55' title='bbox 1383 1315 1476 1397; x_wconf 85' lang='lat' dir='ltr'>igilur</span> <span class='ocrx_word' id='word_1_56' title='bbox 1493 1317 1606 1382; x_wconf 90' lang='lat' dir='ltr'>inter-</span> 
     </span>
     <span class='ocr_line' id='line_1_9' title="bbox 448 1417 1605 1500; baseline -0.003 -13"><span class='ocrx_word' id='word_1_57' title='bbox 448 1421 670 1487; x_wconf 86' lang='lat' dir='ltr'>calationes</span> <span class='ocrx_word' id='word_1_58' title='bbox 689 1419 817 1484; x_wconf 89' lang='lat' dir='ltr'>ternis</span> <span class='ocrx_word' id='word_1_59' title='bbox 836 1420 920 1486; x_wconf 86' lang='lat' dir='ltr'>fere</span> <span class='ocrx_word' id='word_1_60' title='bbox 942 1418 1051 1484; x_wconf 91' lang='lat' dir='ltr'>denis</span> <span class='ocrx_word' id='word_1_61' title='bbox 1073 1417 1157 1494; x_wconf 87' lang='lat' dir='ltr'>locis,</span> <span class='ocrx_word' id='word_1_62' title='bbox 1179 1417 1295 1500; x_wconf 90' lang='lat' dir='ltr'>quibus</span> <span class='ocrx_word' id='word_1_63' title='bbox 1320 1421 1422 1498; x_wconf 83' lang='grc' dir='ltr'><em>περί</em></span> <span class='ocrx_word' id='word_1_64' title='bbox 1439 1418 1605 1500; x_wconf 90' lang='lat' dir='ltr'>reperitur,</span> 
     </span>
     <span class='ocr_line' id='line_1_10' title="bbox 448 1518 1606 1612; baseline -0.003 -24"><span class='ocrx_word' id='word_1_65' title='bbox 448 1522 649 1606; x_wconf 88' lang='lat' dir='ltr'>respondent.</span> <span class='ocrx_word' id='word_1_66' title='bbox 708 1519 741 1583; x_wconf 93' lang='lat' dir='ltr'>ln</span> <span class='ocrx_word' id='word_1_67' title='bbox 775 1521 956 1586; x_wconf 89' lang='lat' dir='ltr'>universum</span> <span class='ocrx_word' id='word_1_68' title='bbox 989 1518 1029 1584; x_wconf 91' lang='lat' dir='ltr'>de</span> <span class='ocrx_word' id='word_1_69' title='bbox 1051 1518 1130 1584; x_wconf 86' lang='lat' dir='ltr'>hac</span> <span class='ocrx_word' id='word_1_70' title='bbox 1164 1518 1405 1612; x_wconf 86' lang='lat' dir='ltr'>praepositionis</span> <span class='ocrx_word' id='word_1_71' title='bbox 1437 1519 1606 1600; x_wconf 90' lang='lat' dir='ltr'>ponendae</span> 
     </span>
     <span class='ocr_line' id='line_1_11' title="bbox 447 1617 1607 1703; baseline -0.003 -15"><span class='ocrx_word' id='word_1_72' title='bbox 447 1623 570 1688; x_wconf 89' lang='lat' dir='ltr'>ratione</span> <span class='ocrx_word' id='word_1_73' title='bbox 592 1621 689 1685; x_wconf 86' lang='lat' dir='ltr'>statui</span> <span class='ocrx_word' id='word_1_74' title='bbox 709 1623 811 1703; x_wconf 88' lang='lat' dir='ltr'>potest</span> <span class='ocrx_word' id='word_1_75' title='bbox 832 1619 1013 1698; x_wconf 88' lang='lat' dir='ltr'>Platonem,</span> <span class='ocrx_word' id='word_1_76' title='bbox 1042 1619 1129 1702; x_wconf 89' lang='lat' dir='ltr'>quod</span> <span class='ocrx_word' id='word_1_77' title='bbox 1150 1617 1279 1701; x_wconf 89' lang='lat' dir='ltr'>quidem</span> <span class='ocrx_word' id='word_1_78' title='bbox 1306 1620 1483 1684; x_wconf 86' lang='lat' dir='ltr'>enumeris</span> <span class='ocrx_word' id='word_1_79' title='bbox 1511 1624 1607 1685; x_wconf 88' lang='lat' dir='ltr'>antea</span> 
     </span>
     <span class='ocr_line' id='line_1_12' title="bbox 444 1719 1606 1803; baseline -0.005 -15"><span class='ocrx_word' id='word_1_80' title='bbox 444 1723 548 1788; x_wconf 88' lang='lat' dir='ltr'>allatis</span> <span class='ocrx_word' id='word_1_81' title='bbox 563 1721 664 1803; x_wconf 85' lang='lat' dir='ltr'>colligi</span> <span class='ocrx_word' id='word_1_82' title='bbox 683 1720 783 1798; x_wconf 88' lang='lat' dir='ltr'>liceat,</span> <span class='ocrx_word' id='word_1_83' title='bbox 800 1721 905 1803; x_wconf 91' lang='lat' dir='ltr'>priore</span> <span class='ocrx_word' id='word_1_84' title='bbox 922 1721 1006 1786; x_wconf 89' lang='lat' dir='ltr'>vitae</span> <span class='ocrx_word' id='word_1_85' title='bbox 1024 1721 1166 1800; x_wconf 89' lang='lat' dir='ltr'>tempore</span> <span class='ocrx_word' id='word_1_86' title='bbox 1184 1737 1249 1782; x_wconf 87' lang='lat' dir='ltr'>non</span> <span class='ocrx_word' id='word_1_87' title='bbox 1269 1719 1312 1783; x_wconf 90' lang='lat' dir='ltr'>ita</span> <span class='ocrx_word' id='word_1_88' title='bbox 1329 1719 1358 1783; x_wconf 92' lang='lat' dir='ltr'>ei</span> <span class='ocrx_word' id='word_1_89' title='bbox 1377 1720 1481 1784; x_wconf 86' lang='lat' dir='ltr'>lavere</span> <span class='ocrx_word' id='word_1_90' title='bbox 1500 1719 1606 1798; x_wconf 90' lang='lat' dir='ltr'>videri,</span> 
     </span>
     <span class='ocr_line' id='line_1_13' title="bbox 444 1817 1605 1906; baseline -0.003 -20"><span class='ocrx_word' id='word_1_91' title='bbox 444 1825 557 1906; x_wconf 88' lang='lat' dir='ltr'>postea</span> <span class='ocrx_word' id='word_1_92' title='bbox 578 1821 708 1885; x_wconf 91' lang='lat' dir='ltr'>demum</span> <span class='ocrx_word' id='word_1_93' title='bbox 725 1820 849 1902; x_wconf 87' lang='lat' dir='ltr'>saepius</span> <span class='ocrx_word' id='word_1_94' title='bbox 872 1839 910 1885; x_wconf 92' lang='lat' dir='ltr'>ea</span> <span class='ocrx_word' id='word_1_95' title='bbox 932 1821 978 1884; x_wconf 93' lang='lat' dir='ltr'>uti</span> <span class='ocrx_word' id='word_1_96' title='bbox 999 1819 1110 1884; x_wconf 89' lang='lat' dir='ltr'>solere.</span> <span class='ocrx_word' id='word_1_97' title='bbox 1154 1817 1298 1883; x_wconf 81' lang='lat' dir='ltr'>Fortasse</span> <span class='ocrx_word' id='word_1_98' title='bbox 1319 1819 1398 1884; x_wconf 90' lang='lat' dir='ltr'>haec</span> <span class='ocrx_word' id='word_1_99' title='bbox 1421 1839 1471 1884; x_wconf 87' lang='lat' dir='ltr'>res</span> <span class='ocrx_word' id='word_1_100' title='bbox 1493 1839 1605 1884; x_wconf 89' lang='lat' dir='ltr'>ausam</span> 
     </span>
     <span class='ocr_line' id='line_1_14' title="bbox 444 1912 1608 2003; baseline -0.002 -18"><span class='ocrx_word' id='word_1_101' title='bbox 444 1922 597 2003; x_wconf 91' lang='lat' dir='ltr'>praebere</span> <span class='ocrx_word' id='word_1_102' title='bbox 618 1922 731 2002; x_wconf 89' lang='lat' dir='ltr'>polest,</span> <span class='ocrx_word' id='word_1_103' title='bbox 753 1938 817 2001; x_wconf 92' lang='lat' dir='ltr'>qua</span> <span class='ocrx_word' id='word_1_104' title='bbox 839 1939 915 1984; x_wconf 87' lang='lat' dir='ltr'>usus</span> <span class='ocrx_word' id='word_1_105' title='bbox 937 1912 1049 2001; x_wconf 87' lang='lat' dir='ltr'>aliquis</span> <span class='ocrx_word' id='word_1_106' title='bbox 1070 1937 1180 1982; x_wconf 90' lang='lat' dir='ltr'>omnes</span> <span class='ocrx_word' id='word_1_107' title='bbox 1194 1918 1336 1983; x_wconf 86' lang='lat' dir='ltr'>Platonis</span> <span class='ocrx_word' id='word_1_108' title='bbox 1358 1919 1608 2003; x_wconf 89' lang='lat' dir='ltr'>praepositiones</span> 
     </span>
     <span class='ocr_line' id='line_1_15' title="bbox 446 2017 1606 2102; baseline -0.002 -17"><span class='ocrx_word' id='word_1_109' title='bbox 446 2022 532 2086; x_wconf 87' lang='lat' dir='ltr'>hunc</span> <span class='ocrx_word' id='word_1_110' title='bbox 555 2021 586 2084; x_wconf 92' lang='lat' dir='ltr'>in</span> <span class='ocrx_word' id='word_1_111' title='bbox 608 2018 740 2083; x_wconf 89' lang='lat' dir='ltr'>modum</span> <span class='ocrx_word' id='word_1_112' title='bbox 761 2019 957 2102; x_wconf 88' lang='lat' dir='ltr'>perlustrans</span> <span class='ocrx_word' id='word_1_113' title='bbox 979 2019 1155 2102; x_wconf 87' lang='lat' dir='ltr'>quaestioni</span> <span class='ocrx_word' id='word_1_114' title='bbox 1179 2019 1218 2082; x_wconf 90' lang='lat' dir='ltr'>de</span> <span class='ocrx_word' id='word_1_115' title='bbox 1237 2017 1433 2100; x_wconf 82' lang='lat' dir='ltr'>dialogorum</span> <span class='ocrx_word' id='word_1_116' title='bbox 1455 2019 1606 2102; x_wconf 89' lang='lat' dir='ltr'>temporis</span> 
     </span>
     <span class='ocr_line' id='line_1_16' title="bbox 371 2117 1607 2202; baseline -0.003 -16"><span class='ocrx_word' id='word_1_117' title='bbox 371 2119 374 2128; x_wconf 60' lang='lat'><em>⁴</em></span> <span class='ocrx_word' id='word_1_118' title='bbox 446 2120 556 2186; x_wconf 90' lang='lat' dir='ltr'>ordine</span> <span class='ocrx_word' id='word_1_119' title='bbox 576 2118 694 2202; x_wconf 91' lang='lat' dir='ltr'>aliquid</span> <span class='ocrx_word' id='word_1_120' title='bbox 717 2118 793 2184; x_wconf 88' lang='lat' dir='ltr'>lucis</span> <span class='ocrx_word' id='word_1_121' title='bbox 815 2117 935 2184; x_wconf 85' lang='lat' dir='ltr'>afferat.</span> <span class='ocrx_word' id='word_1_122' title='bbox 978 2117 1055 2182; x_wconf 90' lang='lat' dir='ltr'>Mihi</span> <span class='ocrx_word' id='word_1_123' title='bbox 1082 2118 1212 2201; x_wconf 90' lang='lat' dir='ltr'>quidem</span> <span class='ocrx_word' id='word_1_124' title='bbox 1240 2121 1366 2200; x_wconf 92' lang='lat' dir='ltr'>tempus</span> <span class='ocrx_word' id='word_1_125' title='bbox 1395 2120 1436 2184; x_wconf 89' lang='lat' dir='ltr'>ad</span> <span class='ocrx_word' id='word_1_126' title='bbox 1456 2119 1517 2184; x_wconf 90' lang='lat' dir='ltr'>hoc</span> <span class='ocrx_word' id='word_1_127' title='bbox 1535 2139 1607 2201; x_wconf 89' lang='lat' dir='ltr'>per-</span> 
     </span>
     <span class='ocr_line' id='line_1_17' title="bbox 445 2219 744 2284; baseline -0.003 0"><span class='ocrx_word' id='word_1_128' title='bbox 445 2219 614 2284; x_wconf 89' lang='lat' dir='ltr'>ficiendum</span> <span class='ocrx_word' id='word_1_129' title='bbox 637 2219 744 2284; x_wconf 86' lang='lat' dir='ltr'>deluit.</span> 
     </span>
    </p>

    <p class='ocr_par' dir='ltr' id='par_1_5' title="bbox 368 2315 1607 3300">
     <span class='ocr_line' id='line_1_18' title="bbox 529 2315 1606 2400; baseline 0 -18"><span class='ocrx_word' id='word_1_130' title='bbox 529 2318 715 2384; x_wconf 80' lang='lat' dir='ltr'>lam-antea</span> <span class='ocrx_word' id='word_1_131' title='bbox 742 2318 806 2383; x_wconf 87' lang='lat' dir='ltr'>dixi</span> <span class='ocrx_word' id='word_1_132' title='bbox 835 2317 929 2382; x_wconf 87' lang='lat' dir='ltr'>valde</span> <span class='ocrx_word' id='word_1_133' title='bbox 957 2315 1131 2382; x_wconf 89' lang='lat' dir='ltr'>dolendum</span> <span class='ocrx_word' id='word_1_134' title='bbox 1160 2335 1243 2394; x_wconf 88' lang='lat' dir='ltr'>esse,</span> <span class='ocrx_word' id='word_1_135' title='bbox 1274 2317 1361 2400; x_wconf 91' lang='lat' dir='ltr'>quod</span> <span class='ocrx_word' id='word_1_136' title='bbox 1398 2317 1519 2382; x_wconf 89' lang='lat' dir='ltr'>nullam</span> <span class='ocrx_word' id='word_1_137' title='bbox 1541 2319 1606 2382; x_wconf 91' lang='lat' dir='ltr'>eius</span> 
     </span>
     <span class='ocr_line' id='line_1_19' title="bbox 449 2416 1606 2502; baseline 0 -19"><span class='ocrx_word' id='word_1_138' title='bbox 449 2419 571 2501; x_wconf 86' lang='lat' dir='ltr'>generis</span> <span class='ocrx_word' id='word_1_139' title='bbox 592 2418 838 2502; x_wconf 89' lang='lat' dir='ltr'>disputationem</span> <span class='ocrx_word' id='word_1_140' title='bbox 858 2417 1029 2495; x_wconf 89' lang='lat' dir='ltr'>habemus,</span> <span class='ocrx_word' id='word_1_141' title='bbox 1051 2416 1139 2481; x_wconf 90' lang='lat' dir='ltr'>cuius</span> <span class='ocrx_word' id='word_1_142' title='bbox 1161 2417 1416 2499; x_wconf 89' lang='lat' dir='ltr'>comparatione,</span> <span class='ocrx_word' id='word_1_143' title='bbox 1439 2436 1504 2501; x_wconf 91' lang='lat' dir='ltr'>quo</span> <span class='ocrx_word' id='word_1_144' title='bbox 1527 2417 1606 2484; x_wconf 92' lang='lat' dir='ltr'>haec</span> 
     </span>
     <span class='ocr_line' id='line_1_20' title="bbox 447 2515 1606 2600; baseline 0.001 -18"><span class='ocrx_word' id='word_1_145' title='bbox 447 2515 602 2582; x_wconf 91' lang='lat' dir='ltr'>scribendi</span> <span class='ocrx_word' id='word_1_146' title='bbox 624 2517 786 2582; x_wconf 88' lang='lat' dir='ltr'>diversitas</span> <span class='ocrx_word' id='word_1_147' title='bbox 809 2517 930 2596; x_wconf 87' lang='lat' dir='ltr'>tendat,</span> <span class='ocrx_word' id='word_1_148' title='bbox 952 2515 1048 2581; x_wconf 87' lang='lat' dir='ltr'>statui</span> <span class='ocrx_word' id='word_1_149' title='bbox 1070 2516 1179 2600; x_wconf 89' lang='lat' dir='ltr'>possil;</span> <span class='ocrx_word' id='word_1_150' title='bbox 1203 2517 1248 2593; x_wconf 89' lang='lat' dir='ltr'>at,</span> <span class='ocrx_word' id='word_1_151' title='bbox 1269 2534 1352 2598; x_wconf 90' lang='lat' dir='ltr'>quae</span> <span class='ocrx_word' id='word_1_152' title='bbox 1375 2522 1502 2600; x_wconf 90' lang='lat' dir='ltr'>praesto</span> <span class='ocrx_word' id='word_1_153' title='bbox 1522 2523 1606 2598; x_wconf 92' lang='lat' dir='ltr'>sunt,</span> 
     </span>
     <span class='ocr_line' id='line_1_21' title="bbox 447 2614 1605 2701; baseline 0 -19"><span class='ocrx_word' id='word_1_154' title='bbox 447 2617 589 2682; x_wconf 85' lang='lat' dir='ltr'>afferam.</span> <span class='ocrx_word' id='word_1_155' title='bbox 636 2617 804 2700; x_wconf 84' lang='lat' dir='ltr'>Polybius,</span> <span class='ocrx_word' id='word_1_156' title='bbox 830 2619 989 2699; x_wconf 89' lang='lat' dir='ltr'>quantum</span> <span class='ocrx_word' id='word_1_157' title='bbox 1017 2614 1217 2698; x_wconf 76' lang='lat' dir='ltr'>&#39;eKrebsii&#39;l</span> <span class='ocrx_word' id='word_1_158' title='bbox 1246 2614 1349 2682; x_wconf 92' lang='lat' dir='ltr'>libello</span> <span class='ocrx_word' id='word_1_159' title='bbox 1371 2619 1504 2701; x_wconf 88' lang='lat' dir='ltr'>perspici</span> <span class='ocrx_word' id='word_1_160' title='bbox 1526 2618 1605 2696; x_wconf 90' lang='lat' dir='ltr'>licet,</span> 
     </span>
     <span class='ocr_line' id='line_1_22' title="bbox 447 2707 1607 2800; baseline 0.001 -18"><span class='ocrx_word' id='word_1_161' title='bbox 447 2717 548 2782; x_wconf 87' lang='lat' dir='ltr'>multo</span> <span class='ocrx_word' id='word_1_162' title='bbox 570 2717 694 2800; x_wconf 89' lang='lat' dir='ltr'>parcior</span> <span class='ocrx_word' id='word_1_163' title='bbox 715 2707 811 2799; x_wconf 89' lang='lat' dir='ltr'>quam</span> <span class='ocrx_word' id='word_1_164' title='bbox 829 2715 921 2780; x_wconf 89' lang='lat' dir='ltr'>Plato</span> <span class='ocrx_word' id='word_1_165' title='bbox 942 2715 1003 2780; x_wconf 88' lang='lat' dir='ltr'>hac</span> <span class='ocrx_word' id='word_1_166' title='bbox 1017 2715 1050 2780; x_wconf 92' lang='lat' dir='ltr'>in</span> <span class='ocrx_word' id='word_1_167' title='bbox 1071 2735 1105 2779; x_wconf 90' lang='lat' dir='ltr'>re</span> <span class='ocrx_word' id='word_1_168' title='bbox 1119 2714 1211 2780; x_wconf 87' lang='lat' dir='ltr'>fuisse</span> <span class='ocrx_word' id='word_1_169' title='bbox 1233 2715 1364 2780; x_wconf 86' lang='lat' dir='ltr'>videtur.</span> <span class='ocrx_word' id='word_1_170' title='bbox 1407 2717 1607 2784; x_wconf 89' lang='lat' dir='ltr'>Intercalavit</span> 
     </span>
     <span class='ocr_line' id='line_1_23' title="bbox 447 2801 1606 2906; baseline -0.002 -24"><span class='ocrx_word' id='word_1_171' title='bbox 447 2821 483 2882; x_wconf 88' lang='lat' dir='ltr'>ut</span> <span class='ocrx_word' id='word_1_172' title='bbox 504 2816 761 2906; x_wconf 25' lang='lat' dir='ltr'>Plato&#39;voculas:</span> <span class='ocrx_word' id='word_1_173' title='bbox 793 2822 869 2897; x_wconf 77' lang='grc' dir='ltr'><strong><em>μέν,</em></strong></span> <span class='ocrx_word' id='word_1_174' title='bbox 893 2815 944 2894; x_wconf 72' lang='grc' dir='ltr'>δέ,</span> <span class='ocrx_word' id='word_1_175' title='bbox 967 2813 1044 2896; x_wconf 81' lang='grc' dir='ltr'><em>γάρ,</em></span> <span class='ocrx_word' id='word_1_176' title='bbox 1066 2819 1117 2896; x_wconf 81' lang='grc' dir='ltr'>γὲ,</span> <span class='ocrx_word' id='word_1_177' title='bbox 1138 2804 1196 2877; x_wconf 73' lang='grc' dir='ltr'>οὖν</span> <span class='ocrx_word' id='word_1_178' title='bbox 1217 2817 1249 2878; x_wconf 90' lang='lat' dir='ltr'>et</span> <span class='ocrx_word' id='word_1_179' title='bbox 1270 2819 1332 2896; x_wconf 76' lang='grc' dir='ltr'>μὲν</span> <span class='ocrx_word' id='word_1_180' title='bbox 1351 2801 1428 2896; x_wconf 76' lang='grc' dir='ltr'>γᾶρ,</span> <span class='ocrx_word' id='word_1_181' title='bbox 1456 2819 1518 2897; x_wconf 77' lang='grc' dir='ltr'>μὲν</span> <span class='ocrx_word' id='word_1_182' title='bbox 1540 2807 1606 2882; x_wconf 75' lang='grc' dir='ltr'><strong><em>οὖν.</em></strong></span> 
     </span>
     <span class='ocr_line' id='line_1_24' title="bbox 448 2915 1607 2998; baseline 0 -17"><span class='ocrx_word' id='word_1_183' title='bbox 448 2917 527 2981; x_wconf 84' lang='lat' dir='ltr'>Eum</span> <span class='ocrx_word' id='word_1_184' title='bbox 550 2917 660 2993; x_wconf 87' lang='lat' dir='ltr'>tribus,</span> <span class='ocrx_word' id='word_1_185' title='bbox 682 2915 758 2998; x_wconf 93' lang='lat' dir='ltr'>quin</span> <span class='ocrx_word' id='word_1_186' title='bbox 781 2915 874 2980; x_wconf 88' lang='lat' dir='ltr'>etiam</span> <span class='ocrx_word' id='word_1_187' title='bbox 896 2916 1036 2998; x_wconf 90' lang='lat' dir='ltr'>quinque</span> <span class='ocrx_word' id='word_1_188' title='bbox 1058 2915 1188 2980; x_wconf 90' lang='lat' dir='ltr'>vocibus</span> <span class='ocrx_word' id='word_1_189' title='bbox 1204 2915 1468 2998; x_wconf 89' lang='lat' dir='ltr'>praepositionem</span> <span class='ocrx_word' id='word_1_190' title='bbox 1489 2936 1509 2982; x_wconf 93' lang='lat' dir='ltr'>a</span> <span class='ocrx_word' id='word_1_191' title='bbox 1531 2918 1607 2982; x_wconf 93' lang='lat' dir='ltr'>sub·</span> 
     </span>
     <span class='ocr_line' id='line_1_25' title="bbox 447 3014 1606 3104; baseline 0 -23"><span class='ocrx_word' id='word_1_192' title='bbox 447 3016 585 3082; x_wconf 88' lang='lat' dir='ltr'>slantivo</span> <span class='ocrx_word' id='word_1_193' title='bbox 607 3014 753 3080; x_wconf 90' lang='lat' dir='ltr'>divellere</span> <span class='ocrx_word' id='word_1_194' title='bbox 773 3034 888 3079; x_wconf 90' lang='lat' dir='ltr'>ausum</span> <span class='ocrx_word' id='word_1_195' title='bbox 916 3034 985 3080; x_wconf 92' lang='lat' dir='ltr'>esse</span> <span class='ocrx_word' id='word_1_196' title='bbox 1005 3015 1105 3080; x_wconf 91' lang='lat' dir='ltr'>Krebs</span> <span class='ocrx_word' id='word_1_197' title='bbox 1127 3034 1190 3104; x_wconf 87' lang='lat' dir='ltr'>non</span> <span class='ocrx_word' id='word_1_198' title='bbox 1213 3014 1295 3078; x_wconf 88' lang='lat' dir='ltr'>dicit.</span> <span class='ocrx_word' id='word_1_199' title='bbox 1338 3015 1517 3100; x_wconf 75' lang='lat' dir='ltr'>Plotinus2)</span> <span class='ocrx_word' id='word_1_200' title='bbox 1541 3018 1606 3100; x_wconf 91' lang='lat' dir='ltr'>ipse</span> 
     </span>
     <span class='ocr_line' id='line_1_26' title="bbox 368 3114 1607 3201; baseline 0 -20"><span class='ocrx_word' id='word_1_201' title='bbox 368 3191 372 3198; x_wconf 23' lang='lat'>¹</span> <span class='ocrx_word' id='word_1_202' title='bbox 449 3136 578 3201; x_wconf 89' lang='lat' dir='ltr'>quoque</span> <span class='ocrx_word' id='word_1_203' title='bbox 606 3134 670 3180; x_wconf 91' lang='lat' dir='ltr'>non</span> <span class='ocrx_word' id='word_1_204' title='bbox 700 3115 827 3179; x_wconf 89' lang='lat' dir='ltr'>liberius</span> <span class='ocrx_word' id='word_1_205' title='bbox 854 3135 887 3180; x_wconf 92' lang='lat' dir='ltr'>se</span> <span class='ocrx_word' id='word_1_206' title='bbox 910 3115 1040 3196; x_wconf 79' lang='lat' dir='ltr'>gessisse</span> <span class='ocrx_word' id='word_1_207' title='bbox 1068 3114 1191 3178; x_wconf 90' lang='lat' dir='ltr'>videtur</span> <span class='ocrx_word' id='word_1_208' title='bbox 1220 3135 1317 3198; x_wconf 90' lang='lat' dir='ltr'>quam</span> <span class='ocrx_word' id='word_1_209' title='bbox 1341 3115 1502 3200; x_wconf 76' lang='lat' dir='ltr'>Polybius</span> <span class='ocrx_word' id='word_1_210' title='bbox 1544 3115 1607 3181; x_wconf 87' lang='lat' dir='ltr'>Sed</span> 
     </span>
     <span class='ocr_line' id='line_1_27' title="bbox 450 3213 1607 3300; baseline 0 -19"><span class='ocrx_word' id='word_1_211' title='bbox 450 3216 536 3300; x_wconf 96' lang='lat' dir='ltr'>quod</span> <span class='ocrx_word' id='word_1_212' title='bbox 563 3215 594 3279; x_wconf 96' lang='lat' dir='ltr'>hi</span> <span class='ocrx_word' id='word_1_213' title='bbox 623 3218 770 3280; x_wconf 89' lang='lat' dir='ltr'>auctores</span> <span class='ocrx_word' id='word_1_214' title='bbox 795 3215 827 3278; x_wconf 93' lang='lat' dir='ltr'>in</span> <span class='ocrx_word' id='word_1_215' title='bbox 855 3213 1012 3280; x_wconf 86' lang='lat' dir='ltr'>adverbiis</span> <span class='ocrx_word' id='word_1_216' title='bbox 1043 3214 1222 3279; x_wconf 88' lang='lat' dir='ltr'>casualibus</span> <span class='ocrx_word' id='word_1_217' title='bbox 1250 3217 1426 3281; x_wconf 88' lang='lat' dir='ltr'>tractandis</span> <span class='ocrx_word' id='word_1_218' title='bbox 1454 3217 1607 3282; x_wconf 90' lang='lat' dir='ltr'>maiorem</span> 
     </span>
    </p>
   </div>
   <div class='ocr_carea' id='block_1_5' title="bbox 448 3298 1608 3696">
    <p class='ocr_par' dir='ltr' id='par_1_6' title="bbox 448 3298 1608 3497">
     <span class='ocr_line' id='line_1_28' title="bbox 448 3298 1608 3400; baseline 0.001 -19"><span class='ocrx_word' id='word_1_219' title='bbox 448 3316 505 3381; x_wconf 92' lang='lat' dir='ltr'>sibi</span> <span class='ocrx_word' id='word_1_220' title='bbox 525 3298 766 3379; x_wconf 76' lang='lat' dir='ltr'>vindicaverunt</span> <span class='ocrx_word' id='word_1_221' title='bbox 785 3313 973 3395; x_wconf 88' lang='lat' dir='ltr'>libertatem,</span> <span class='ocrx_word' id='word_1_222' title='bbox 993 3314 1085 3378; x_wconf 92' lang='lat' dir='ltr'>nobis</span> <span class='ocrx_word' id='word_1_223' title='bbox 1106 3314 1319 3380; x_wconf 88' lang='lat' dir='ltr'>adverbialem</span> <span class='ocrx_word' id='word_1_224' title='bbox 1338 3316 1491 3381; x_wconf 91' lang='lat' dir='ltr'>eiusmodi</span> <span class='ocrx_word' id='word_1_225' title='bbox 1508 3318 1608 3400; x_wconf 89' lang='lat' dir='ltr'>parti-</span> 
     </span>
     <span class='ocr_line' id='line_1_29' title="bbox 450 3413 1508 3497; baseline 0 -17"><span class='ocrx_word' id='word_1_226' title='bbox 450 3415 593 3480; x_wconf 88' lang='lat' dir='ltr'>cularum</span> <span class='ocrx_word' id='word_1_227' title='bbox 615 3418 765 3478; x_wconf 88' lang='lat' dir='ltr'>naturam</span> <span class='ocrx_word' id='word_1_228' title='bbox 789 3413 1024 3497; x_wconf 86' lang='lat' dir='ltr'>respicientibus</span> <span class='ocrx_word' id='word_1_229' title='bbox 1046 3414 1203 3480; x_wconf 88' lang='lat' dir='ltr'>mirationi</span> <span class='ocrx_word' id='word_1_230' title='bbox 1226 3435 1290 3480; x_wconf 92' lang='lat' dir='ltr'>non</span> <span class='ocrx_word' id='word_1_231' title='bbox 1313 3435 1381 3480; x_wconf 88' lang='lat' dir='ltr'>esse</span> <span class='ocrx_word' id='word_1_232' title='bbox 1404 3415 1508 3480; x_wconf 89' lang='lat' dir='ltr'>debet.</span> 
     </span>
    </p>

    <p class='ocr_par' dir='ltr' id='par_1_7' title="bbox 451 3513 1606 3696">
     <span class='ocr_line' id='line_1_30' title="bbox 531 3513 1606 3599; baseline 0.003 -21"><span class='ocrx_word' id='word_1_233' title='bbox 531 3513 699 3592; x_wconf 89' lang='lat' dir='ltr'>Quomodo</span> <span class='ocrx_word' id='word_1_234' title='bbox 729 3513 896 3578; x_wconf 87' lang='lat' dir='ltr'>distributa</span> <span class='ocrx_word' id='word_1_235' title='bbox 924 3533 979 3596; x_wconf 91' lang='lat' dir='ltr'>per</span> <span class='ocrx_word' id='word_1_236' title='bbox 1004 3513 1143 3596; x_wconf 89' lang='lat' dir='ltr'>singulos</span> <span class='ocrx_word' id='word_1_237' title='bbox 1166 3515 1306 3597; x_wconf 82' lang='lat' dir='ltr'>dialogos</span> <span class='ocrx_word' id='word_1_238' title='bbox 1336 3515 1399 3580; x_wconf 83' lang='lat' dir='ltr'>sint</span> <span class='ocrx_word' id='word_1_239' title='bbox 1420 3516 1606 3599; x_wconf 86' lang='lat' dir='ltr'>hyperbata,</span> 
     </span>
     <span class='ocr_line' id='line_1_31' title="bbox 451 3613 1132 3696; baseline -0.001 -16"><span class='ocrx_word' id='word_1_240' title='bbox 451 3617 486 3680; x_wconf 88' lang='lat' dir='ltr'>ul</span> <span class='ocrx_word' id='word_1_241' title='bbox 507 3613 621 3680; x_wconf 89' lang='lat' dir='ltr'>clarius</span> <span class='ocrx_word' id='word_1_242' title='bbox 640 3617 811 3696; x_wconf 88' lang='lat' dir='ltr'>appareat,</span> <span class='ocrx_word' id='word_1_243' title='bbox 838 3613 982 3679; x_wconf 87' lang='lat' dir='ltr'>tabulam</span> <span class='ocrx_word' id='word_1_244' title='bbox 1004 3614 1132 3680; x_wconf 87' lang='lat' dir='ltr'>addam.</span> 
     </span>
    </p>
   </div>
   <div class='ocr_carea' id='block_1_6' title="bbox 452 3746 644 3755">
    <p class='ocr_par' dir='ltr' id='par_1_8' title="bbox 452 3746 644 3755">
     <span class='ocr_line' id='line_1_32' title="bbox 452 3746 644 3755; baseline -0.016 0"><span class='ocrx_word' id='word_1_245' title='bbox 452 3746 644 3755; x_wconf 82' lang='grc'><strong><em>..----.-</em></strong></span> 
     </span>
    </p>
   </div>
   <div class='ocr_carea' id='block_1_7' title="bbox 522 3811 1174 3885">
    <p class='ocr_par' dir='ltr' id='par_1_9' title="bbox 522 3811 1174 3885">
     <span class='ocr_line' id='line_1_33' title="bbox 522 3811 1174 3885; baseline -0.003 -16"><span class='ocrx_word' id='word_1_246' title='bbox 522 3815 547 3885; x_wconf 91' lang='lat'>1)</span> <span class='ocrx_word' id='word_1_247' title='bbox 566 3813 581 3884; x_wconf 84' lang='lat'><strong>§</strong></span> <span class='ocrx_word' id='word_1_248' title='bbox 599 3815 615 3868; x_wconf 90' lang='grc'>6</span> <span class='ocrx_word' id='word_1_249' title='bbox 635 3829 697 3884; x_wconf 83' lang='lat' dir='ltr'>pag.</span> <span class='ocrx_word' id='word_1_250' title='bbox 717 3813 750 3867; x_wconf 84' lang='lat'>20</span> <span class='ocrx_word' id='word_1_251' title='bbox 769 3829 827 3882; x_wconf 88' lang='lat' dir='ltr'>sqq.</span> <span class='ocrx_word' id='word_1_252' title='bbox 847 3841 877 3851; x_wconf 90' lang='lat'>-</span> <span class='ocrx_word' id='word_1_253' title='bbox 897 3813 924 3881; x_wconf 73' lang='lat'>2)</span> <span class='ocrx_word' id='word_1_254' title='bbox 942 3811 1032 3868; x_wconf 86' lang='lat' dir='ltr'>Seidcl</span> <span class='ocrx_word' id='word_1_255' title='bbox 1051 3829 1113 3883; x_wconf 84' lang='lat' dir='ltr'>pag.</span> <span class='ocrx_word' id='word_1_256' title='bbox 1132 3813 1174 3868; x_wconf 81' lang='lat'>24.</span> 
     </span>
    </p>
   </div>
   <div class='ocr_carea' id='block_1_8' title="bbox 0 0 1778 5186">
    <p class='ocr_par' dir='ltr' id='par_1_10' title="bbox 0 0 1778 5186">
     <span class='ocr_line' id='line_1_34' title="bbox 0 0 1778 5186; baseline 0 0"><span class='ocrx_word' id='word_1_257' title='bbox 0 0 1778 5186; x_wconf 95' lang='lat' dir='ltr'> </span> 
     </span>
    </p>
   </div>
  </div>
 </body>
</html>
