3512 5186
706 559 746 625 33

127 763 204 810 cum
233 743 333 808 verbo
361 739 469 803 εἰπεῖν
498 742 670 808 coniunrta
697 750 746 810 ter
774 765 850 810 usus
879 747 935 809 est.
984 742 1046 808 σύν
1068 749 1140 828 θεῷ
1168 746 1296 813 sinete:

128 845 260 924 Protag.
278 841 372 906 317ss
393 839 460 920 (60,
471 840 545 922 18),
575 841 741 909 Theaetet„
771 844 863 908 151ss
885 844 1025 925 (13‚17);
1054 850 1179 910 mutata
1202 847 1298 914 eollo-

130 942 258 1006 catione
286 941 459 1004 verborum
500 939 609 1002 εἰπεῖν
648 941 712 1005 orta
735 943 807 1021 θεῷ
837 943 911 1024 Leg.
940 943 984 1006 IX
1015 944 1121 1008 858ss.
1169 944 1298 1011 Henric.

128 1039 316 1119 Stephanus
329 1037 357 1115 ¹)
384 1037 427 1100 ad
455 1036 619 1104 Theaetet.
650 1041 746 1104 151ss
774 1040 859 1105 hane
887 1042 1059 1106 formulam
1086 1041 1170 1107 hene
1201 1043 1299 1109 inter-

129 1139 278 1215 pretatus
298 1138 346 1198 est
370 1134 482 1212 >Quod
494 1135 540 1199 ita
560 1137 642 1213 dieo,
663 1143 699 1202 ut
720 1139 753 1203 in
767 1158 806 1202 eo
823 1159 919 1220 opem
935 1139 1079 1204 divinam
1091 1160 1299 1223 agnoscam«.

130 1233 235 1297 Porro
251 1234 337 1297 hanc
352 1233 516 1297 notionem
533 1234 727 1300 invenimus:
750 1237 824 1318 Lag.
836 1235 876 1299 III
887 1236 1105 1318 68111711)
1125 1242 1223 1302 θεῖον
1238 1240 1300 1322 γάρ
1366 1289 1372 1302 .

134 1375 158 1394 ..
175 1331 230 1391 καὶ
244 1332 283 1392 τό
298 1332 465 1412 ποιητικὸν
477 1327 516 1395 ὂν
535 1341 625 1412 γένος
644 1334 816 1415 ὑμνῳδοῦν·
833 1332 963 1396 πολλῶν
977 1337 1043 1396 τῶν
1055 1335 1125 1396 κατ’
1138 1335 1301 1419 ἀλήθειαν

130 1437 327 1512 γιγνομένων
349 1429 409 1504 ξύν
429 1451 514 1494 τισιν
533 1429 677 1512 Χάρισιν
696 1432 750 1492 καὶ
765 1428 919 1504 Μούσαις
931 1429 1117 1512 ἐφάπτεται
1134 1431 1301 1498 ἑκαστότε.

174 1533 207 1612 3)
230 1533 298 1596 Iam
319 1532 563 1614 praepositionis
577 1532 625 1596 vis
639 1532 907 1614 amplificabatur,
928 1536 965 1596 ut
978 1552 1050 1596 eam
1067 1554 1197 1617 quoque
1218 1554 1302 1600 rem

131 1631 314 1712 significare
333 1635 456 1711 posset,
484 1651 589 1713 quae
614 1631 662 1694 ad
683 1632 840 1713 aliquid
866 1631 1066 1713 pertinet,
1094 1633 1139 1698 ita
1160 1632 1302 1714 quidem,

131 1733 170 1792 nt
192 1729 353 1792 interdum
381 1729 435 1793 illa
463 1749 514 1792 res
540 1729 672 1794 minoris
697 1731 739 1795 sit
765 1732 929 1796 momenti.
976 1731 1010 1795 In
1031 1732 1093 1795 hoc
1114 1729 1302 1812 praesertim

132 1829 246 1892 utendi
255 1848 365 1909 egenus
377 1828 549 1908 quadrant,
573 1848 658 1910 quae
673 1829 850 1895 Mommsen
862 1830 886 1911 ²)
903 1831 936 1894 in
952 1831 1137 1895 universum
1153 1829 1193 1892 de
1209 1848 1303 1910 prae-

132 1926 300 2008 positionis
319 1923 381 1988 σύν
401 1925 634 2006 significatione
656 1927 735 1992 dixit
772 1928 849 1993 »Die
876 1928 1064 1993 durehortz¹
1086 1926 1302 2009 angelmdptte

131 2025 240 2088 Saehe
271 2025 349 2089 oder
368 2023 489 2088 Person
518 2025 677 2091 erseheint
708 2027 753 2090 im
786 2027 914 2092 Ganzen
943 2027 1085 2108 weniger
1112 2025 1159 2090 als
1184 2023 1304 2106 gleich-

133 2125 313 2205 berechtigt
341 2125 419 2188 oder
450 2143 493 2187 an
519 2123 660 2206 Umfang
689 2127 768 2190 oder
787 2125 866 2190 Zahl
894 2125 1122 2206 dherwiegend
1150 2121 1224 2204 (wie
1251 2122 1303 2186 bei

134 2221 246 2300 μετά),
267 2223 406 2286 sondem
428 2223 475 2286 als
495 2223 554 2286 das
563 2221 760 2298 Selrrmdare¹
783 2223 830 2288 oft
851 2225 1008 2308 geradezn
1030 2223 1077 2286 als
1090 2219 1317 2301 Anhangsek..

133 2319 219 2383 Cum
240 2321 411 2398 Krebsio³)
433 2321 566 2404 seiungo
596 2321 699 2398 loma,
728 2322 845 2404 quihus
872 2321 1110 2386 substantivum
1137 2337 1211 2381 oum
1240 2313 1304 2379 σύν

133 2421 372 2502 praepositione
384 2421 592 2485 coniunctum
601 2441 775 2502 personam
788 2422 955 2504 signifieat
971 2421 1013 2484 ab
1028 2419 1075 2495 iis,
1092 2417 1209 2499 quihus
1223 2436 1302 2481 rem.

136 2519 256 2582 Prioris
289 2519 414 2599 generis
448 2539 532 2582 unus
563 2522 610 2582 at
639 2520 746 2584 loeus:
788 2521 862 2602 Leg.
884 2519 928 2583 XI
959 2517 1053 2582 93οΕ
1090 2517 1130 2578 τὰ
1158 2519 1221 2595 μὲν
1246 2517 1305 2600 τῆς

133 2616 283 2696 monog
325 2614 361 2676 αἱ
398 2619 544 2696 γυναῖκες
586 2615 631 2690 εἰς
669 2615 772 2700 ἄλλην
810 2616 920 2698 χώραν
960 2610 1199 2695 ἐκπεμπόντων
1240 2612 1303 2674 σέν

133 2717 184 2792 τῷ
214 2719 324 2792 πατρί,
354 2715 392 2775 τὰ
425 2714 464 2776 δὲ
492 2717 552 2775 τοῦ
583 2714 702 2796 α’νδροῖς
731 2713 762 2776 οἱ
792 2713 1015 2796 νομοφύλακες
1045 2709 1108 2775 adr·
1135 2711 1176 2791 τῇ
1192 2713 1308 2790 γεννη-“

135 2810 243 2893 σοι’σῃ,
272 2813 401 2877 alterius
428 2813 461 2875 hi
496 2813 574 2876 loci:
612 2814 761 2896 Reipubl.
781 2814 834 2877 VII
860 2812 956 2878 5180
985 2801 1055 2873 οἷον
1081 2806 1112 2870 εἰ
1140 2801 1231 2887 ὄμμα
1258 2807 1304 2890 μή

135 2909 280 2972 δυνατὸν
303 2911 344 2994 ἦν
372 2903 478 2983 ἄλλως
503 2907 526 2993 ἤ
547 2909 607 2986 §dv
628 2909 692 2993 ὅλῳ
722 2913 769 2992 τῷ
791 2909 920 2990 σώματι
948 2915 1100 2990 στρέφειν
1123 2953 1192 2984 ....,
1221 2901 1305 2967 οὕτω

136 3007 201 3082 ξιὶν
222 3004 282 3090 ὅλῃ
302 3011 343 3088 τῇ
365 3010 457 3092 ψυχῇ
555 3019 747 3088 περιακτέον
769 3001 870 3087 εἶναι,
891 3007 959 3072 VIII
979 3003 1073 3070 5640
1092 3004 1156 3078 ξιῒν
1175 3001 1305 3068 αὐτοῖσι

136 3109 206 3177 τοῖς
235 3109 352 3185 κηρίοις
384 3104 661 3190 ἐκτετμήσεσθον.
707 3107 767 3183 ξύν
795 3111 857 3173 hoc
886 3107 957 3170 Ioco
979 3101 1141 3168 redundat
1150 3101 1191 3177 ⁴),
1226 3120 1304 3165 nam

137 3203 220 3268 alias
246 3204 315 3268 eius
346 3203 471 3284 generis
502 3204 630 3269 dativus
664 3227 738 3270 cum
768 3205 958 3288 pronomine
989 3197 1089 3272 αὐτός
1115 3198 1304 3263 coniunctus

137 3303 226 3367 solus
245 3307 428 3385 usurpatur.
478 3304 522 3368 At
551 3305 686 3387 Polybio
710 3299 840 3389 quoque
867 3308 948 3370 haec
978 3299 1104 3366 dicendi
1131 3298 1213 3362 ratio
1238 3318 1304 3363 non

138 3404 250 3483 ignota
268 3401 365 3464 firisse
385 3401 521 3476 videtur,
549 3422 627 3466 nam
648 3404 711 3469 tria
733 3403 880 3486 exempla
900 3404 934 3466 in
951 3395 1110 3476 mensim)
1130 3395 1237 3460 libello
1256 3397 1304 3460 in-

138 3499 224 3578 veni,
245 3519 305 3562 nee
326 3499 433 3562 minus
442 3498 619 3564 Diodorum
641 3522 680 3566 ea
698 3502 745 3566 uti
766 3502 851 3566 idem
865 3501 915 3564 vir
928 3500 979 3564 ille
1000 3499 1113 3562 doctus
1124 3495 1259 3558 adnotat
1266 3495 1304 3572 ⁶).

138 3597 240 3661 Plura
261 3597 301 3661 de
322 3597 385 3661 hae
406 3617 442 3661 re
470 3618 536 3663 non
563 3599 679 3663 inveni.
720 3599 848 3680 Protag.
870 3598 966 3662 3211)
987 3591 1111 3677 (65.16)
1135 3591 1154 3653 o‘
1174 3598 1305 3673 Προμη-

139 3693 225 3768 θεύς
319 3693 450 3756 κλέπτει
471 3693 654 3778 Ἡφαίστου
683 3696 738 3756 καὶ
760 3695 897 3778 Ἀθηνᾶς
923 3694 984 3780 τήν
1012 3695 1162 3772 ἔντεχνον
1184 3695 1305 3774 σοφίαν

142 3792 207 3856 oria
228 3796 310 3872 πυρί
330 3826 368 3836 -
392 3790 519 3873 1,ngss
540 3791 785 3874 6780161110)
806 3794 849 3855 τά
870 3796 992 3872 πορεῖα
1010 3791 1050 3854 δι’
1150 3789 1212 3853 σιῖν
1234 3793 1306 3862 ταῖς

141 3898 269 3968 τέχναις
286 3939 312 3956 ..
335 3888 448 3952 πάντα
467 3892 587 3970 σχεδόν
602 3890 783 3970 ἀπωλώλει,
804 3891 941 3963 11176311
952 3888 1089 3971 (165,13)
1111 3891 1228 3950 πᾶσω
1243 3887 1306 3972 ‘'I‘’

215 4088 240 4156 11
266 4089 299 4142 ο.
322 4089 475 4143 sarriana
501 4090 537 4143 aa
561 4091 674 4158 rroag.
699 4071 794 4141 31111·
825 4119 861 4127 -
897 4087 924 4155 a)
949 4087 1044 4154 progr.
1071 4087 1137 4140 1874
1163 4103 1190 4155 p.
1209 4086 1252 4140 aa.
1270 4117 1304 4126 -

141 4176 170 4242 3)
189 4192 251 4244 pag.
265 4176 307 4229 35.
342 4205 370 4214 -
408 4177 437 4245 4)
454 4177 489 4230 de
502 4177 622 4230 Homero
642 4177 675 4229 ot.
695 4175 844 4228 Mommsen
865 4174 959 4242 Progr.
980 4172 1046 4226 1874
1063 4189 1127 4241 pag.
1146 4173 1190 4233 11,
1205 4172 1253 4240 42;
1276 4173 1304 4226 in

142 4259 300 4312 universum
320 4260 354 4312 de
372 4259 426 4312 hac
443 4276 473 4313 re
490 4259 552 4329 agii
568 4260 600 4313 G.
621 4259 780 4328 Bernhardy
799 4257 904 4326 Syntax
931 4272 994 4325 pag.
1011 4255 1069 4308 1⁰1.
1092 4284 1117 4292 -
1146 4255 1173 4324 5)
1189 4269 1252 4325 pag.
1270 4256 1304 4309 35

144 4347 174 4396 et
192 4343 234 4397 36.
250 4373 282 4381 -
302 4343 331 4412 6)
349 4359 412 4412 pag.
430 4342 463 4397 85
481 4342 576 4398 adnot.
591 4344 615 4396 5.

211 4453 295 4504 mm).
1091 4429 1108 4484 3
