3512 5186
1025 555 1065 618 λλ

546 731 592 794 Ac
611 735 749 816 primurn
772 718 898 817 quidem
921 732 1118 828 terminantis
1138 731 1379 815 praepositionis
1400 729 1485 792 κατά
1508 731 1630 796 vocalis

464 852 486 891 α
509 834 540 895 et
560 832 645 896 vocis
666 853 739 898 cum
763 851 801 898 ea
823 832 1013 897 coniunctae
1036 852 1055 896 a
1077 833 1176 896 vocali
1194 832 1371 915 incipientis
1395 829 1516 894 hiatum
1530 829 1629 895 Plato

465 928 579 1010 fugisse
601 931 734 996 videtur.
776 931 900 1017 Name
922 931 982 996 562
1004 931 1088 1008 locis,
1111 932 1227 1014 quibus
1248 931 1375 996 vocales
1397 930 1467 994 illae
1487 929 1570 993 inter
1591 949 1631 994 se
1730 911 1731 932 λ

464 1028 664 1108 colliduntur,
685 1031 746 1094 538
768 1031 890 1094 hiatum
914 1031 1153 1114 praepositionis
1168 1030 1268 1094 vocali
1290 1053 1312 1092 α
1333 1029 1478 1094 elidenda
1499 1029 1630 1105 tollunt,

464 1126 557 1191 vicies
577 1133 685 1192 autern
709 1133 822 1213 quater
836 1133 950 1207 textus,
971 1126 1024 1213 qiri
1044 1133 1183 1206 vocator,
1206 1129 1359 1194 memoria
1381 1129 1540 1192 vocalium
1561 1127 1630 1192 col-

463 1225 604 1291 lisionem
623 1229 698 1292 nihil
717 1233 816 1292 cruat¹
842 1227 960 1306 Quodsi
977 1249 1128 1310 magnum
1146 1229 1288 1292 locorum
1308 1247 1487 1303 numerum,
1508 1225 1629 1310 quihus

463 1325 568 1390 hiatus
597 1327 736 1391 evitandi
766 1347 861 1392 causa
889 1328 1004 1392 vocalis
1033 1351 1054 1388 a
1081 1328 1321 1410 praepositionis
1351 1327 1436 1391 elisio
1467 1326 1552 1391 facta
1569 1331 1628 1404 est,

465 1425 701 1492 consideramus
724 1447 827 1515 neque
855 1447 965 1491 omnes
985 1427 1052 1492 illas
1079 1427 1222 1492 elisiones
1249 1423 1368 1503 se'ribiS,
1397 1445 1461 1489 non
1483 1427 1628 1507 scriptori

463 1525 571 1590 deberi
598 1531 757 1608 putamus,
784 1529 851 1590 sine
873 1527 970 1592 dubio
998 1528 1151 1592 audaciae
1179 1528 1297 1592 crimen
1327 1546 1391 1590 non
1415 1527 1628 1610 assequimur,

463 1645 538 1690 curn
568 1627 737 1690 statuimus
765 1627 832 1692 illes
854 1627 960 1691 hiatus
983 1647 1045 1691 non
1064 1629 1219 1709 genuinos
1246 1647 1323 1704 esse,
1353 1626 1407 1690 sed
1428 1625 1629 1706 neglegentia

465 1725 649 1808 inscitiaque
671 1727 844 1792 scribarum
867 1727 898 1790 in
919 1731 1040 1792 textum
1061 1728 1230 1810 irrepsisse.
1273 1726 1355 1792 Nam
1378 1725 1502 1792 codices
1523 1725 1571 1788 his
1593 1726 1628 1790 in

463 1825 558 1890 rebus
579 1826 694 1890 nullius
715 1827 779 1895 tere
801 1827 950 1908 ponderis
969 1847 1036 1891 esse
1058 1827 1109 1891 alii
1131 1847 1264 1910 quoque
1274 1827 1442 1908 scriptores
1458 1829 1627 1889 testantur.

463 1923 597 1990 Hultsch
612 1932 658 2002 ¹),
681 1925 735 1990 ubi
759 1927 798 1990 de
820 1927 909 1990 hiatu
932 1926 1106 2008 Polybiane
1124 1928 1207 2007 agit,
1229 1926 1404 1992 haecdicit
1428 1925 1627 2006 »Allerdings

463 2045 550 2090 muss
579 2045 612 2090 es
639 2026 712 2090 sehr
740 2027 926 2092 bedenklieh
958 2027 1142 2091 erseheinen
1172 2047 1207 2091 so
1234 2027 1343 2107 hdufig
1373 2027 1438 2090 und
1469 2026 1552 2090 auch
1575 2025 1627 2088 bei

464 2126 601 2206 weniger
639 2127 904 2206 gebrauchlichen
934 2127 1092 2191 Elisienen
1131 2147 1193 2191 ven
1234 2127 1290 2191 der
1322 2124 1625 2190 handschriftliehen

464 2224 721 2306 Ueberlieferung
742 2226 975 2291 abzuweichen.
1017 2227 1119 2292 Allein
1147 2228 1206 2302 wie
1228 2227 1332 2308 wenig
1355 2245 1429 2289 man
1451 2224 1516 2288 sich
1541 2225 1628 2288 hier-

463 2324 513 2388 bei
541 2325 598 2389 aut
625 2325 675 2389 die
699 2325 945 2390 Handschrilten
966 2327 1123 2390 verlassen
1152 2327 1255 2404 kann,
1283 2328 1362 2407 zeigt
1390 2325 1456 2390 sich
1485 2325 1625 2390 deutlich

463 2425 514 2489 bei
532 2424 696 2488 lsokrates.
739 2425 829 2490 Denn
847 2425 999 2494 wahrend
1020 2426 1070 2490 fiir
1085 2425 1191 2490 diesen
1204 2425 1332 2492 Redner·
1350 2427 1400 2489 die
1412 2424 1626 2504 Vernreidung

463 2524 518 2588 des
539 2523 652 2590 Hiatus
681 2526 900 2590 ausdrucklich
932 2545 995 2590 ven
1024 2527 1108 2590 alten
1137 2526 1379 2591 Schriltstellern
1412 2527 1543 2606 bezeugt
1578 2525 1625 2602 ist,

462 2644 497 2688 so
515 2624 621 2688 bieten
644 2626 726 2688 auch
749 2625 816 2688 hier
837 2625 887 2689 die
909 2623 1153 2690 Handsehritten
1180 2627 1249 2690 eine
1274 2624 1386 2706 Menge
1414 2644 1476 2688 von
1499 2623 1625 2700 Hiatus,

464 2724 513 2788 die
535 2728 597 2788 erst
621 2724 720 2789 durch
745 2724 860 2788 Etision
882 2726 1024 2805 beseitigt
1046 2724 1172 2789 werden
1198 2730 1342 2790 ruiissen«
1366 2729 1397 2788 et
1418 2723 1515 2806 paulo
1543 2723 1624 2787 infra

466 2824 570 2888 »Danu
589 2823 727 2901 kommt,
757 2825 829 2888 dass
858 2826 900 2888 irn
928 2845 1049 2906 ganzen
1078 2824 1127 2888 die
1150 2824 1332 2914 Falle,'wo
1363 2825 1393 2888 in
1423 2824 1485 2887 den
1512 2821 1624 2886 Hand-

463 2923 615 2988 schriften
630 2924 688 3004 (se.
704 2924 759 2987 des
774 2923 940 3008 Polybius)
955 2925 1069 2988 bereits
1085 2925 1186 2988 elidirt
1202 2925 1249 3001 ist,
1271 2925 1321 2988 bai
1337 2925 1461 2988 weitem
1478 2921 1624 3002 haufiger

463 3023 532 3087 sind
556 3023 602 3087 als
625 3023 816 3106 diejeuigen,
840 3023 890 3088 wo
911 3025 976 3088 sich
1000 3025 1084 3089 noch
1107 3024 1220 3089 Hiatus
1239 3025 1365 3090 findet«.

546 3123 684 3199 Accedit,
708 3125 795 3206 quod
818 3145 881 3192 noo
900 3125 996 3188 semel
1010 3124 1143 3205 hiatum,
1166 3125 1220 3207 qui
1242 3125 1303 3187 alio
1325 3144 1381 3188 nes
1398 3121 1528 3187 offendit
1544 3122 1623 3198 loco,

464 3222 524 3287 alio
554 3223 681 3287 elisione
703 3225 856 3288 evitatum
888 3209 1031 3289 videmus
1062 3225 1115 3302 tta,
1145 3229 1179 3287 ut
1200 3225 1325 3288 duobus
1348 3223 1423 3287 locis
1443 3219 1527 3284 aecci
1549 3241 1621 3285 cum

465 3342 529 3386 uno
559 3322 734 3405 eodemque
763 3323 860 3387 verbe
891 3326 1093 3388 coniunctum
1116 3325 1164 3387 sit.
1211 3324 1446 3387 Inconstantiae
1466 3342 1545 3386 sane
1566 3340 1624 3385 nos

465 3422 577 3504 aliquis
608 3441 734 3485 summo
769 3423 836 3486 iure
870 3424 1073 3502 incusaverit,
1106 3423 1131 3486 si
1167 3423 1300 3505 exernplt
1328 3442 1422 3485 causa
1459 3421 1624 3485 scribimus

465 3521 551 3584 need
573 3517 668 3600 dove,
690 3523 785 3604 paulo
807 3527 879 3604 post
896 3523 966 3585 κατ’
986 3519 1081 3601 duee,
1103 3524 1223 3612 nullam
1240 3523 1335 3588 aliam
1357 3524 1399 3586 ob
1414 3541 1543 3586 eausam
1567 3522 1625 3584 nisi

465 3623 552 3705 quod
579 3622 702 3686 codices
731 3623 830 3686 nestri
860 3625 1034 3690 scribarum
1062 3625 1190 3688 libidine
1220 3628 1251 3688 et
1281 3625 1399 3688 incuria
1428 3623 1503 3687 talia
1533 3622 1624 3686 uobis

465 3723 612 3787 offerunt.
654 3723 724 3786 Alia
746 3723 776 3786 id
795 3743 893 3802 genus
916 3725 1061 3806 exempla
1082 3726 1122 3789 ad
1142 3720 1266 3806 singula
1288 3723 1430 3788 atteram.

548 3821 661 3887 Hiatus
683 3841 755 3886 cum
778 3823 929 3905 perpauci
949 3824 1020 3898 sint,
1043 3824 1155 3888 afferre
1179 3823 1254 3887 mihi
1275 3823 1376 3887 liceat.

506 3921 610 3984 κατά
641 3941 667 3986 c.
698 3941 781 4002 gen.
812 3923 891 3987 duos
921 3925 1068 4004 praebet:
1098 3923 1223 3986 Menon.
1253 3921 1330 3986 77A
1360 3921 1510 4004 (tutati)
1540 3921 1635 4010 aocet!

467 4017 543 4084 iiten
565 4058 604 4068 -
626 4021 772 4104 Reipubl.
795 4021 834 4085 Ill
856 4022 952 4086 391A
974 4023 1058 4085 raeci
1078 4021 1245 4102 Ἀχιλλέως.

538 4332 563 4404 1)
582 4331 748 4404 Philologus,
763 4329 907 4404 Jahrgang
926 4333 990 4387 XlV
1009 4351 1071 4404 pag.
1091 4334 1142 4388 288
1160 4349 1218 4403 sqq.
1242 4363 1267 4372 -
1290 4333 1323 4388 cf.
1340 4349 1404 4404 pag.
1424 4333 1482 4388 301.
