3512 5186
1007 572 1047 636 46

444 753 594 816 ἐνταῦθα
615 752 652 816 δὲ
674 751 782 832 νόσον,
804 749 876 838 ἡδὲ
898 749 1045 835 οἱπλότης
1066 749 1150 814 κατολ
1173 753 1233 830 μὲν
1250 747 1410 834 μουσικήν
1431 749 1467 812 ἐν
1488 755 1611 838 ψυχαῖς

445 852 670 936 σωφροσύνην,
682 853 767 916 κατολ
784 853 821 915 δὲ
835 853 1055 933 γυμναστικήν
1064 852 1100 914 ἐν
1112 849 1261 928 σώμασιν
1273 850 1396 930 ν’γιέιαν
1403 876 1415 928 ,·
1423 885 1461 896 -·-
1470 853 1608 936 Sophist.

443 953 503 1016 436
512 954 546 1030 Β,
559 952 583 1016 C
598 951 720 1034 (31,’13.
743 954 793 1031 14)
810 949 971 1032 ποίμττολο
996 951 1049 1013 καὶ
1068 951 1153 1012 κατα
1174 949 1233 1034 τήν
1256 953 1439 1032 ζωγραφίαν
1460 955 1555 1014 τοῦτο
1571 952 1609 1014 τό

443 1059 537 1134 μέρος
559 1053 630 1116 ἐστὶ
646 1052 699 1114 καὶ
721 1051 805 1113 κατολ
824 1050 1004 1132 ξύμπασαι·
1021 1048 1227 1136 μιμητικήνς,
1248 1049 1478 1132 141Βι39Αιι)
1499 1051 1612 1137 ψευδῆ

444 1199 468 1216 ..
484 1151 524 1225 οἷς
546 1153 635 1216 ἔστιν
657 1151 692 1214 ἐν
712 1149 821 1226 δόξαις
843 1174 878 1212 τε
899 1151 953 1214 καὶ
976 1152 1059 1214 κατα
1079 1149 1207 1231 λόγους,·
1223 1187 1261 1195 -
1281 1151 1442 1215 Potitio.
1464 1151 1609 1229 306C‚D

443 1250 587 1334 όξότιγτα
606 1250 660 1313 καὶ
677 1249 783 1330 τόχος,
807 1250 873 1313 εἴτε
887 1250 973 1313 κατολ
996 1249 1135 1331 σιόματα
1154 1249 1219 1312 εἴτε
1243 1251 1278 1312 ἐν
1295 1254 1418 1336 ψυχαῖς
1435 1250 1501 1314 εἴτε
1523 1256 1610 1317 κατοὲ

444 1353 551 1437 φωνῆς
573 1349 689 1433 φορόν,
722 1349 819 1414 307Α
850 1355 930 1432 περί
946 1373 982 1412 τε
1004 1349 1153 1414 διάνοιαν
1175 1349 1386 1432 πραττόμενα
1403 1350 1609 1432 α’γασίλέντες

441 1453 495 1514 καὶ
518 1451 601 1514 κατολ
624 1449 682 1523 τός
703 1437 838 1531 πράξεις
858 1440 901 1513 αὖ
928 1450 1054 1532 βραδέα
1076 1451 1129 1514 καὶ
1151 1449 1339 1531 μαλακοί-
1361 1451 1435 1530 Lag.
1447 1453 1607 1520 1117981]

442 1549 530 1625 ὅπως
551 1548 593 1614 όν
618 1550 697 1632 ιξμῖν
726 1548 756 1612 οἱ
776 1551 893 1625 παῖδες
918 1550 1001 1638 μήτε
1033 1553 1243 1635 ἐπιθυμῶσιν
1273 1545 1380 1614 ἄλλων
1411 1555 1609 1635 μιμημάτων·

442 1649 617 1715 ἅπτεσθαι
638 1651 723 1713 κατα
754 1649 901 1736 ὀρχήσεις
928 1647 951 1736 ι)
978 1652 1062 1713 κατοὲ
1093 1651 1262 1732 μελῳδίας.
1320 1652 1482 1734 Plerisque
1512 1653 1607 1718 huius

441 1753 562 1834 generis
591 1752 667 1816 locis
696 1753 783 1816 notio
812 1752 920 1816 localis
949 1752 1013 1816 iam
1044 1771 1108 1815 non
1145 1751 1279 1834 perspici
1308 1755 1430 1833 potest,
1470 1753 1501 1816 in
1534 1774 1606 1818 eam

441 1852 636 1916 transcendit
661 1853 837 1930 notionem,
866 1872 963 1936 quam
997 1851 1158 1915 nominavi
1186 1852 1386 1932 ‘entiemtere
1408 1852 1607 1936 Beziehung’.

441 1953 501 2026 lbi,
522 1953 545 2015 si
570 1952 623 2034 qui
646 1951 739 2016 huius
760 1953 882 2033 generis
906 1952 963 2016 loci
985 1952 1095 2034 reliqui
1114 1954 1204 2028 sunt,
1233 1951 1381 2015 invenies.

483 2068 514 2147 λ)
544 2068 663 2132 Duobis
692 2068 766 2133 locis
788 2069 943 2150 particula
976 2069 1131 2134 vertenda
1162 2072 1207 2133 est
1239 2069 1351 2132 Latine
1384 2068 1607 2149 (adversust

439 2168 576 2232 Phaedr.
603 2167 699 2232 ⁶251D
723 2166 785 2247 (35,
795 2167 828 2249 4)
857 2171 898 2252 τῇ
925 2167 1063 2248 διεξόδῳ
1093 2169 1208 2249 ἐγχριέι
1236 2166 1357 2250 ἑκάστη
1388 2167 1441 2250 (sc.
1464 2167 1606 2250 βλόστη)

439 2270 479 2350 τῇ
500 2267 578 2328 καθ’
599 2265 711 2349 αὐτήν.
734 2267 929 2332 'Stallbaum
944 2269 1041 2333 vertit
1057 2269 1089 2332 in
1110 2269 1247 2331 editione
1262 2287 1320 2332 sua
1346 2267 1481 2331 »exitum
1501 2268 1607 2350 pulsat

439 2383 599 2449 quemque
629 2367 654 2430 ci
684 2367 885 2431 adversum«.
935 2369 1008 2449 Leg.
1030 2367 1073 2432 lX
1099 2368 1196 2432 8551)
1227 2366 1312 2429 nacci
1338 2367 1375 2429 τό
1408 2364 1520 2446 στόμα
1548 2371 1608 2428 τοῦ

438 2463 614 2550 διώκοντός
635 2490 670 2528 τε
691 2467 745 2528 καὶ
768 2465 943 2550 φεύγοντος
964 2465 982 2528 ό
1004 2467 1158 2552 δικαστής
1180 2517 1207 2530 ..
1232 2465 1360 2544 ἱζέσθω.

478 2599 512 2662 11.
542 2598 663 2662 Notio
684 2599 930 2680 temporalis.

501 2714 704 2797 Significatur
718 2715 909 2796 temporis
925 2715 1111 2796 spatium,
1130 2714 1235 2776 intra
1252 2713 1358 2794 quod
1376 2713 1531 2796 aliquid
1548 2713 1602 2776 fit.

477 2833 508 2910 a)
531 2831 648 2896 Actio
670 2834 801 2895 totum
826 2831 1022 2912 temporis
1043 2830 1234 2913 spatium,
1257 2830 1343 2911 quod
1362 2829 1602 2911 comprehcndit

435 2929 535 3008 κατά,
564 2930 751 3013 complet.
805 2929 953 2994 Latinum
995 2930 1093 3011 per’,
1127 2928 1350 3010 Germanicum
1381 2929 1600 3009 tucthrend'.

435 3030 571 3094 Phaedr·
582 3030 669 3094 44οΒ
677 3027 794 3111 (18,17)
805 3020 899 3102 οἷςτό
910 3051 943 3108 γε
950 3030 1028 3091 καθ’
1038 3029 1160 3113 ἡμέραν
1169 3019 1442 3114 ἡδίστοισινεῗναι
1450 3026 1600 3107 ὑπάρχει.

434 3131 493 3195 Hic
521 3130 608 3194 locus
638 3133 763 3211 praeter
793 3129 945 3210 temporis
974 3130 1071 3193 ctiam
1093 3129 1164 3192 finis
1195 3128 1600 3206 indicationem'continet3

434 3249 511 3294 nam
542 3248 607 3293 non
635 3232 700 3292 tam
729 3247 839 3308 cunum
868 3248 923 3310 per
953 3228 1046 3292 diem’
1075 3247 1173 3310 quam
1197 3247 1305 3308 tunum
1336 3227 1367 3290 in
1400 3227 1493 3291 diem’
1521 3229 1600 3312 verti

434 3332 547 3412 polest.
596 3329 745 3408 Reipubl.
774 3327 813 3391 lIl
838 3328 934 3392 3961)
963 3328 1021 3390 οόκ
1050 3325 1223 3408 ἐθελήσειν
1253 3325 1385 3408 σπονδῇ
1412 3325 1601 3403 ἀπεικάζειν

434 3427 552 3491 ἑαυτόν
580 3429 627 3508 τῷ
653 3432 786 3508 χείρονα,
817 3427 847 3490 ελ
873 3429 918 3509 μι)
945 3424 1012 3533 ἄρα
1036 3427 1120 3489 κατοὶ
1152 3424 1274 3508 βραχύ,
1304 3427 1415 3490 Latine
1443 3427 1511 3507 ‘nisi
1543 3447 1600 3508 per

434 3529 529 3592 breve
552 3527 704 3609 temporis
725 3527 880 3608 spatium'.
922 3528 996 3608 Leg.
1019 3528 1059 3591 Vl
1080 3525 1322 3609 759D(161‚7)
1351 3525 1421 3587 κατ’
1450 3526 1600 3588 ἐνιαυτόν

433 3627 471 3688 δὲ
500 3617 658 3688 εἶναικαὶ
686 3625 734 3712 μή
764 3624 963 3707 μακρότερον
990 3626 1050 3710 τήν
1081 3623 1267 3708 ἱερωσύνην.
1318 3623 1405 3689 Haeo
1434 3625 1533 3690 verba
1563 3629 1598 3690 ut

433 3729 529 3791 antea
539 3725 686 3804 Phaedri,
709 3729 935 3808 praeterquam
957 3727 1042 3808 quod
1056 3726 1263 3808 temporalem
1284 3725 1446 3788 notionem
1469 3725 1600 3812 habent,

433 3825 552 3908 aliquid
589 3824 660 3888 finis
689 3826 840 3889 redolent,
898 3825 991 3903 Quod
1026 3827 1109 3890 idem
1149 3825 1234 3889 cadit
1269 3825 1300 3887 in
1340 3823 1435 3888 7670
1464 3823 1546 3906 (170,
1557 3823 1597 3906 9).

432 3925 499 3988 lam
521 3924 584 3989 huc
606 3924 709 3988 refero
732 3923 785 3987 Vll
805 3924 899 3989 794Β
921 3927 1111 4006 κοσμοῦσαν
1133 3924 1202 3986 κατ’
1224 3921 1381 3986 ἐνιαυτόν.

473 4039 508 4120 1))
538 4039 655 4104 Actio
677 4057 752 4103 non
770 4042 899 4104 totum
925 4043 1098 4124 tempuS‚
1127 4041 1214 4124 quod
1236 4039 1393 4122 siguificat
1410 4036 1506 4119 κατά,
1537 4057 1596 4102 ex-

432 4139 583 4217 haurit,
626 4138 680 4203 sed
711 4139 795 4203 intra
822 4139 963 4222 aliquam
1002 4141 1068 4204 eius
1105 4143 1228 4223 partem
1264 4139 1329 4202 sive
1367 4158 1498 4220 parvam
1531 4137 1595 4201 sive

432 4237 581 4319 [liugnam
613 4239 658 4302 fit.
705 4239 832 4320 Prolag.
856 4238 950 4303 3140
979 4231 1103 4322 (5‘i,302)
1134 4239 1211 4320 ιξμίν
1242 4240 1324 4299 κατοὶ
1353 4238 1412 4322 τόν
1442 4237 1519 4298 ὁδόν
1548 4237 1595 4297 ἐν·
