3512 5186
1029 531 1068 596 λδ

961 807 1070 892 (laput
1091 803 1145 871 1r.

676 963 735 1048 De
762 963 1051 1075 praepositionis
1079 983 1158 1062 περι
1183 961 1424 1072 anastrophe.

552 1166 744 1252 Priusquam
777 1170 817 1235 de
849 1169 912 1236 hac
949 1191 984 1236 re
1013 1171 1165 1235 disserere
1199 1169 1366 1252 incipiam,
1406 1191 1472 1236 non
1501 1193 1633 1255 possum

471 1263 595 1332 silentio
613 1270 784 1351 praeterire
805 1291 924 1353 magno
937 1271 1016 1336 mihi
1036 1291 1104 1336 esse
1125 1269 1234 1348 dolori,
1256 1272 1344 1354 quod
1365 1272 1481 1336 dehac
1503 1293 1633 1356 quoque

361 1382 362 1386 ’
472 1367 608 1432 materia
628 1389 734 1450 pauca
753 1374 881 1437 tantum
896 1372 1013 1447 adsunt
1027 1371 1199 1452 disputata.
1238 1371 1323 1435 Nam
1337 1371 1408 1435 libri
1423 1373 1634 1454 grammatici,

419 1491 420 1500 ¹
472 1463 559 1530 velut
575 1466 737 1534 Kuehneri
764 1473 796 1534 et
819 1469 973 1552 Kruegeri
990 1469 1014 1551 ¹)
1037 1490 1106 1535 rem
1134 1471 1231 1535 modo
1254 1471 1393 1536 breviter
1420 1472 1582 1554 attingunt
1602 1477 1636 1537 et
1716 1473 1718 1482 '

473 1569 601 1646 praeter
620 1567 805 1650 Debherti⁹l
837 1569 877 1634 de
906 1569 1093 1653 Thucydide
1121 1570 1359 1634 observationes
1387 1571 1426 1634 de
1455 1569 1542 1634 nullo
1571 1571 1634 1635 alio

472 1666 627 1748 pedestris
664 1668 816 1734 orationis
854 1669 1007 1752 scriptore
1019 1668 1044 1752 8)
1082 1670 1212 1736 Platoni
1249 1670 1375 1754 aequali
1412 1671 1475 1736 tale
1513 1671 1635 1754 aliquid

472 1773 601 1852 praesto
619 1773 675 1834 est.
1270 1769 1272 1776 ’

555 1870 603 1933 Αο
632 1869 724 1935 Plato
752 1871 814 1936 hac
839 1869 979 1953 ponendi
1007 1869 1170 1946 libertate,
1197 1868 1223 1934 si
1248 1889 1321 1934 cum
1346 1868 1532 1952 Thucydide
1559 1889 1635 1934 eum

474 1990 708 2052 comparamus,
730 1991 885 2054 persaepe
905 1992 980 2036 usus
1002 1961 1070 2036 esse
1086 1970 1221 2035 videtur.
1263 1969 1348 2034 Nam
1362 1974 1451 2034 sexta
1465 1990 1541 2051 pars
1558 1968 1634 2052 (55)

474 2069 618 2136 omnium
642 2069 795 2149 locorum,
817 2071 872 2154 qui
895 2077 970 2154 περί
990 2070 1259 2154 praepositionem
1277 2089 1351 2133 cum
1372 2069 1518 2151 genetivo
1537 2089 1635 2151 copu-

473 2169 574 2232 latam
593 2163 751 2250 praebent
764 2167 881 2252 (1943),
902 2171 1133 2251 anastrophem
1154 2170 1277 2233 habent
1299 2165 1394 2249 (338),
1418 2188 1492 2232 cum
1507 2168 1635 2250 Thucy-

474 2269 563 2334 dides
592 2270 783 2335 undetricies
811 2270 909 2335 modo
941 2291 1014 2336 earn
1043 2273 1184 2351 usurpet.
1226 2269 1303 2332 Post
1329 2267 1498 2332 Platonem
1526 2273 1635 2333 autem

474 2369 706 2452 anastrophem
740 2370 842 2452 magis
879 2370 1046 2452 magisque
1094 2367 1266 2434 exolevisse
1304 2368 1384 2433 haec
1423 2368 1597 2434 Aristotelis
1608 2367 1634 2450 ⁴)

475 2472 633 2534 testantur
655 2471 771 2535 verba:
802 2472 850 2533 ἔτι
878 2469 916 2532 δὲ
936 2468 1124 2552 Ἀριφράδης
1153 2467 1227 2542 τούς
1247 2468 1430 2550 τραγῳδοιλς
1461 2467 1635 2550 ἐκωμῴδει,

474 2563 524 2633 ὅτι
543 2565 566 2630 d
588 2567 695 2643 οὐδεὶς
716 2566 759 2633 als
781 2569 868 2634 εἴποι
889 2571 924 2633 ἐν
946 2573 987 2654 τῇ
1008 2569 1162 2650 διαλέκτῳ
1180 2568 1305 2642 τούτοις
1325 2572 1473 2650 χρῶνται,
1502 2560 1572 2632 οἷον
1594 2570 1633 2631 ro*

475 2667 635 2749 δωμάτων
655 2666 735 2750 ἄπο,
756 2668 841 2732 ἄλλο’
861 2669 906 2754 μή
928 2670 998 2733 οἷπό
1020 2669 1180 2751 δωμάτων
1197 2717 1325 2734 ........
1348 2669 1458 2734 καὶτὸ
1479 2669 1636 2750 Ἀχιλλέως

475 2775 559 2848 πέρι,
585 2769 670 2833 ἄλλο’
698 2769 743 2857 μή
766 2770 842 2850 περὶ
860 2770 1033 2851 Ἀχιλλέως,
1064 2771 1119 2833 καὶ
1133 2767 1206 2835 ,ὅσοι
1228 2765 1313 2834 ἄλλοι
1340 2771 1484 2849 τοιοῦτοι,
1521 2790 1636 2852 quam·

475 2887 575 2950 quam
602 2869 670 2950 ipse
704 2875 753 2936 ter
786 2872 887 2936 verba
906 2872 1002 2936 'hunc
1041 2871 1075 2935 in
1102 2871 1236 2935 modum
1265 2869 1402 2934 collocat
1433 2873 1464 2934 et
1501 2870 1635 2934 totidem

477 2969 622 3051 exempla
637 2969 670 3034 in
685 2971 908 3053 Theophrasti,
931 2971 1074 3054 discipuli
1089 2971 1165 3047 eius,
1187 2971 1275 3035 libris
1289 2970 1406 3034 insunt.
1448 2969 1599 3052 Polybius
1609 2967 1634 3050 5)

475 3072 583 3132 autem
612 3069 779 3135 historicus
807 3072 895 3136 nullo
922 3071 988 3136 iam
1015 3071 1086 3136 loco
1113 3071 1241 3136 admisit
1267 3070 1352 3134 hanc
1380 3069 1520 3152 ponendi
1542 3069 1636 3133 liber-

475 3172 584 3246 tatem,
608 3190 682 3234 cum
697 3171 785 3253 apud
794 3171 957 3236 Plotinum
966 3169 1001 3253 ⁶),
1023 3173 1107 3236 tertii
1127 3175 1200 3253 post
1213 3169 1373 3235 Christum
1388 3174 1502 3234 natum
1517 3169 1634 3234 saeculi

475 3269 712 3352 philosophum,
740 3271 909 3354 quinquies
930 3275 1009 3352 περί
1028 3271 1211 3359 genetivum
1231 3274 1392 3353 sequatur.

557 3365 628 3434 Non
656 3370 760 3436 minus
785 3369 883 3437 libere
906 3371 1075 3436 Platonem
1100 3372 1133 3436 in
1155 3371 1275 3436 voculis
1296 3371 1378 3436 inter
1398 3369 1633 3434 substantivum

476 3473 508 3535 et
527 3470 797 3554 praepositionem
818 3471 847 3536 ei
868 3471 1078 3554 postpositam
1093 3470 1338 3536 intemnittendis
1358 3490 1391 3534 se
1414 3469 1544 3551 gessisse
1563 3467 1632 3540 loci,

476 3586 556 3654 quos
582 3592 669 3637 nunc
696 3572 847 3648 afferam,
876 3591 936 3635 nos
965 3573 1134 3636 docebunt.
1185 3570 1346 3646 Eundem,
1375 3588 1440 3650 quo
1469 3568 1502 3632 in
1531 3567 1634 3648 capite

476 3671 569 3736 tertio
590 3692 666 3736 usus
694 3691 781 3752 sum,
807 3691 925 3755 sequar
946 3670 1100 3736 ordinem.
1144 3669 1316 3734 Exordium
1338 3688 1358 3732 a
1379 3667 1499 3732 voculis
1521 3687 1633 3753 mono-

476 3771 606 3856 syllabis
628 3772 780 3854 capimus.
1318 3847 1321 3852 .
1563 3808 1564 3818 ι

517 3875 551 3952 γὲ
572 3872 620 3937 bis
641 3871 855 3938 intermissum
876 3873 937 3936 est:
961 3869 1055 3973 Goqg.
1078 3869 1177 3934 soah
1199 3864 1294 3950 (80d)
1317 3901 1354 3910 —-
1377 3863 1497 3930 Phileb.
1520 3864 1560 3928 PT
1568 3863 1602 3927 B.
1622 3937 1628 3948 ι

548 4059 572 4127 1)
591 4058 703 4114 Ktihner
720 4057 824 4129 §6260
843 4075 907 4129 pag.
915 4058 974 4122 322,
993 4057 1100 4128 Kriiger
1112 4056 1139 4110 II
1151 4053 1259 4125 §itm
1272 4070 1335 4125 pag.
1346 4053 1404 4107 481.
1424 4082 1457 4092 —
1475 4050 1502 4121 2)
1514 4049 1636 4105 Debbert

477 4162 541 4216 pag.
566 4145 597 4200 l'l
615 4163 673 4216 sqq.
700 4173 728 4184 —
760 4146 786 4211 3)
810 4145 844 4199 de
876 4147 1021 4214 poetarum
1051 4141 1224 4212 anastrophis
1254 4138 1457 4195 accuratissime
1483 4135 1635 4206 disputavit

477 4232 625 4286 Mommsen
644 4231 736 4301 Progr.
758 4231 823 4284 1876
842 4249 905 4300 pag.
931 4231 1005 4296 17,4,
1023 4248 1085 4302 pag.
1105 4232 1147 4282 25.
1167 4259 1189 4267 -
1221 4227 1248 4298 l)
1267 4227 1343 4281 Poet.
1364 4223 1506 4290 noent-31,
1526 4221 1634 4278 Euelren

479 4335 540 4390 pag.
559 4317 600 4373 62.
620 4347 653 4358 -
677 4319 704 4388 a)
725 4316 813 4373 Krebs
831 4333 894 4388 pag.
912 4317 953 4374 99.
975 4347 999 4356 —
1021 4318 1048 4386 6)
1066 4315 1154 4372 Seidel
1174 4331 1235 4385 pag.
1249 4313 1291 4368 23.
