3512 5186
1051 567 1090 634 36

475 740 557 818 ὦσαι
580 786 616 796 -
639 750 711 833 Leg.
735 750 792 814 Xll
812 750 914 820 ulan
935 748 1020 810 κατα
1042 753 1190 830 κρημνῶν
1215 749 1368 831 ῥιφέντες.
1411 749 1479 814 lam
1501 749 1564 814 huc
1586 769 1635 814 re·

474 849 548 914 ferri
570 850 665 913 debet
686 847 755 910 κατ’
776 843 876 930 ἄκρας
896 846 916 909 1.
933 866 958 910 e.
981 847 1148 921 avertice,
1171 848 1351 912 aculmine.
1395 847 1549 912 Adverbii
1565 848 1635 912 loco

474 948 573 1025 verbi,
595 947 646 1011 eui
666 945 849 1027 appositum
867 948 923 1016 est,
944 934 1009 1008 vim
1027 944 1181 1026 adauget;
1203 945 1375 1026 respondet
1389 946 1539 1010 Latinum
1557 947 1580 1030 tf
1621 981 1636 991 ·

475 1045 568 1121 ditus'
581 1048 706 1110 mutata
724 1043 907 1117 directione,
922 1041 1146 1106 Gennanicum
1161 1043 1331 1123 ,ganzliehl
1361 1044 1466 1109 Semel
1482 1046 1634 1108 occurrit:

474 1147 547 1228 Leg.
570 1146 599 1210 X
620 1147 681 1209 009
690 1144 723 1207 Β.

556 1243 590 1325 b)
612 1243 704 1308 Prior
724 1242 778 1307 illa
798 1242 887 1306 notio
909 1242 953 1305 ita
983 1246 1136 1316 mutatur,
1167 1246 1202 1306 ut
1231 1263 1296 1307 non
1319 1243 1386 1324 ille,
1415 1245 1502 1308 unde
1524 1245 1634 1327 incipit

474 1347 596 1420 motus,
626 1342 683 1406 sed
716 1341 783 1405 ubi
814 1339 980 1417 finitur,
1015 1361 1093 1423 quo
1125 1341 1277 1418 tendit,
1315 1342 1403 1406 locus
1432 1343 1635 1426 significetur.

473 1441 544 1506 Duo
565 1441 646 1505 illius
667 1443 772 1504 motus
795 1439 1005 1504 discernenda
1026 1443 1102 1503 sunt
1122 1459 1249 1522 genera.

517 1538 547 1621 1)
570 1541 714 1604 Alterum
735 1539 799 1604 tale
821 1542 883 1613 est,
912 1541 948 1602 ut
970 1557 1008 1601 ee
1029 1557 1092 1614 ree,
1122 1557 1186 1620 quo
1209 1538 1366 1614 tenditur,
1396 1559 1523 1620 supra
1550 1543 1642 1610 tane

474 1642 617 1719 gatur,
639 1638 765 1702 auf-
789 1637 937 1711 herab,
960 1636 1116 1700 uber-
1143 1637 1287 1711 herab;
1310 1637 1407 1700 etiam
1422 1638 1637 1719 motussigni-

475 1736 758 1801 ficationesublata
769 1735 871 1799 solam
882 1735 1022 1817 quietem
1036 1737 1145 1798 nostra
1156 1733 1266 1815 lingua
1274 1735 1450 1816 exprimere
1457 1755 1636 1816 possumne,

474 1855 547 1899 cum
561 1834 714 1898 vertimus
735 1832 855 1916 ,riberf
877 1831 986 1914 (νοῒ).
1030 1831 1176 1912 Reipubl.
1192 1831 1204 1894 l
1221 1831 1317 1895 3441)
1340 1827 1453 1914 ὥσπερ
1474 1833 1638 1914 βαλανειῖς

472 1932 564 2015 ἡμῶν
577 1929 802 2014 καταντλήσας
815 1929 900 1992 κατα
915 1931 980 1992 τῶν
1002 1923 1093 1993 ὤτων
1112 1927 1241 2009 α’έλρόον
1263 1930 1316 1992 καὶ
1331 1929 1435 1993 πολύν
1455 1931 1514 1992 τὸν
1533 1929 1637 2009 λόγον,

473 2029 511 2092 111
534 2029 631 2093 398Α
652 2025 756 2109 μύρον
776 2028 860 2089 κατα
880 2029 936 2111 τῆς
958 2026 1099 2110 κεφαλῆς
1120 2033 1335 2105 καταχέαντες
1366 2064 1395 2072 -
1431 2027 1517 2092 Criti.
1543 2027 1638 2092 119ss

473 2128 555 2209 πρὸς
575 2127 636 2214 τήν
662 2126 783 2210 στήλην
812 2125 1063 2207 πραςαγαγόντες
1086 2125 1171 2188 κατα
1193 2126 1337 2222 κορυφήν
1356 2127 1455 2212 αὐτῆς
1471 2129 1637 2210 ἔσφατταν

474 2225 528 2307 (se.
550 2227 608 2288 τόν
631 2225 762 2305 ταῦρον)
785 2223 870 2286 κατα
898 2227 963 2285 τῶν
988 2223 1196 2304 γραμμάτων.
1240 2225 1328 2290 Haec
1357 2228 1457 2290 verba
1479 2227 1524 2290 sic
1553 2226 1636 2290 acci-

473 2324 591 2405 pienda
612 2327 703 2388 sunt:
725 2325 967 2389 trucidaverrmt
984 2326 1112 2386 taurum
1135 2342 1232 2404 supra
1248 2324 1369 2400 litteras
1385 2325 1439 2402 ita,
1457 2328 1494 2394 ut
1507 2323 1636 2404 sanguis

474 2422 540 2486 eius
564 2423 700 2504 desuper
731 2423 762 2486 in
786 2423 855 2486 illas
875 2427 1015 2496 roraret3
1038 2423 1138 2486 verba
1161 2423 1255 2486 mon
1277 2421 1556 2504 περικαθήραντας
1577 2420 1637 2507 τὴν

474 2519 594 2602 στήλην
614 2521 706 2584 nobis
729 2521 960 2602 explicantibus
981 2521 1183 2585 subveniunt.
1228 2520 1348 2584 Eadem
1368 2525 1415 2584 est
1435 2521 1518 2584 ratio
1541 2521 1635 2584 1qu

473 2618 557 2682 κατα
587 2622 645 2681 τοῦ
682 2621 784 2700 πυρὸς
818 2621 1025 2694 σπένδοντες.
1092 2621 1235 2704 Denique
1266 2622 1330 2684 huc
1359 2624 1482 2702 spectat
1527 2620 1635 2701 Leg.l

473 2719 566 2783 673ss
587 2720 703 2802 (1230)
726 2721 810 2784 κατα
831 2724 896 2782 τῶν
918 2717 1056 2802 ἱματίων
1078 2719 1313 2800 καταχεόμεναι
1336 2723 1390 2799 (sc.
1413 2721 1470 2781 τόν
1490 2709 1602 2800 οἶνον).

515 2820 546 2894 0)
575 2820 720 2884 Alterum
748 2822 899 2886 movendi
928 2841 1028 2904 genus
1056 2822 1088 2886 id
1109 2821 1192 2902 agit,
1217 2825 1257 2888 nt
1285 2822 1426 2884 subter
1456 2820 1634 2902 aliquam

474 2939 555 2997 rem
576 2921 734 2997 veniat,
755 2925 876 2984 unter
898 2919 1093 3002 (wohinll.
1143 2924 1168 2984 A
1207 2925 1320 2985 auctor
1340 2925 1448 2985 noster
1468 2921 1634 2985 meliorum

456 3007 627 3101 'pedestris
663 3020 814 3084 orationis
852 3020 1041 3102 scriptorum
1060 3021 1085 3096 'l
1124 3022 1270 3102 exempla
1307 3025 1434 3084 secutus
1467 3040 1635 3102 nunquam

474 3123 643 3201 poetarum
664 3140 763 3197 more,
785 3121 872 3184 velut
885 3119 1050 3202 Sophoclis
1074 3119 1121 3202 (Ο.
1134 3120 1167 3185 C.
1188 3120 1279 3202 1701)
1301 3120 1511 3201 principalem
1532 3121 1636 3183 notio-

473 3241 549 3284 nem
571 3219 718 3301 deposuit
739 3224 771 3284 et
792 3220 906 3302 quietis
928 3224 1119 3301 potestatem
1137 3221 1270 3296 induxit,
1292 3207 1355 3284 5νᾶ
1365 3240 1491 3302 semper
1510 3224 1635 3284 motum

474 3322 606 3402 spectat.
648 3318 759 3400 Neque
780 3319 865 3383 enim
887 3320 1090 3402 Thucydides
1102 3322 1124 3395 ¹²)
1146 3341 1250 3402 neque
1271 3324 1413 3384 oratores
1436 3319 1533 3383 Attici
1553 3319 1635 3384 eius-

475 3420 560 3484 modi
582 3420 763 3500 cxemplum
784 3421 954 3500 praebent,
976 3440 1050 3484 erun
1069 3420 1274 3501 Xenophonti
1295 3419 1445 3483 nimirum
1467 3439 1532 3483 non
1555 3420 1636 3483 desit

475 3519 559 3601 (Cyr.
569 3521 599 3593 4,
611 3519 640 3594 6,
657 3520 699 3594 5).
741 3520 818 3584 Post
838 3521 1008 3584 Platonem
1029 3525 1137 3585 autem
1158 3521 1209 3584 hie
1231 3541 1307 3584 usus
1328 3520 1430 3602 magis
1452 3519 1484 3583 in
1505 3539 1635 3600 prosam

475 3617 653 3682 orationem
669 3619 830 3700 irrepsisse
844 3620 979 3684 videtur.
1013 3620 1096 3683 Nam
1112 3620 1297 3684 Aristoteles
1313 3620 1444 3702 eiusque
1463 3619 1635 3700 discipulus

476 3754 669 3761 ———

546 3839 569 3909 l)
588 3839 703 3894 thner
721 3839 841 3894 Gramm.
863 3843 878 3909 g
897 3841 988 3906 606,1,
1007 3859 1029 3904 c,
1056 3859 1119 3912 pag.
1140 3843 1198 3896 281.
1221 3873 1248 3881 -
1279 3845 1305 3914 2)
1326 3844 1425 3898 Dahis
1443 3843 1569 3897 omnibus
1587 3843 1636 3896 hos

477 3926 601 3981 consului
620 3925 719 3979 libros:
739 3925 986 3994 Thomaschewski,
1004 3928 1045 3981 De
1064 3931 1267 3998 praeposuere
1284 3931 1311 3984 vi
1332 3932 1361 3984 et
1382 3948 1441 3994 usu,
1461 3929 1523 3982 diss.
1542 3928 1636 3998 inaug.

474 4011 580 4080 Regim.
598 4012 642 4065 Pr.
662 4011 743 4075 1857;
763 4011 880 4066 Lexicon
896 4013 1080 4082 Aeschyleum
1099 4015 1140 4068 ed.
1161 4015 1315 4070 Guilelmus
1332 4015 1449 4069 Dindorf
1464 4015 1534 4084 Lips.
1555 4013 1635 4077 187&

474 4097 590 4152 Lexioon
604 4097 783 4166 Sophocleum
803 4097 843 4152 ed.
856 4098 1010 4154 Guilelmus
1022 4099 1141 4154 Dindorl
1156 4101 1229 4170 Lips.
1249 4101 1329 4167 18703
1348 4101 1502 4156 Thesaurus
1516 4099 1636 4154 Graecae

475 4183 597 4254 Linguae
606 4183 641 4237 ab
648 4181 764 4237 Henrioo
775 4183 915 4255 Stephano
930 4188 1111 4240 constructus.
1131 4187 1224 4241 Editio
1231 4187 1315 4243 tertia
1328 4189 1423 4243 curata
1439 4186 1545 4250 aHase,
1564 4185 1592 4238 L.
1608 4187 1637 4240 et

475 4269 506 4324 0.
522 4269 641 4324 Dindorf
662 4267 748 4323 Poris.
764 4270 914 4340 1831-653
933 4270 1050 4326 Lexieon
1071 4273 1300 4342 Xenophonleum
1318 4275 1353 4330 ab
1373 4275 1449 4328 llrid,
1469 4271 1541 4328 Guil.
1558 4272 1638 4326 Stura

475 4353 546 4408 conl.
559 4351 649 4408 rolli
667 4351 738 4424 Lips.
752 4354 833 4420 1802,
855 4355 967 4411 Euelren
985 4356 1003 4411 l.
1024 4375 1046 4413 e.
1060 4375 1124 4430 pag.
1136 4360 1169 4414 39
1181 4376 1255 4428 sqq.;
1277 4359 1365 4416 Krebe
1384 4361 1401 4417 l.
1412 4377 1432 4415 o.
1444 4375 1508 4428 pag.
1525 4357 1574 4412 128
1582 4373 1640 4426 sqq.
